2722 4628
578 399 772 460 ..7-

124 606 199 663 libro
213 606 379 665 Heraclides
392 623 427 664 ea
440 608 529 665 verba
546 609 689 680 tractavit,
711 624 830 679 quorum
850 609 985 668 formatio
1005 609 1052 668 vel
1074 609 1226 668 declinatio

125 719 144 760 a
164 703 274 774 vulgari
295 720 348 762 usu
368 703 501 762 recedere
519 709 548 761 et
567 703 603 762 ah
617 705 762 778 analogiae
776 707 887 764 ratione
900 707 1055 765 abhorrere
1068 706 1227 768 videbatur.
1261 754 1262 759 ,

204 800 278 858 Num
299 817 372 872 quae
392 802 449 859 alia
469 801 615 873 scripserit
627 801 804 868 Heraclides,
827 804 978 862 nescimus:
1000 809 1030 861 et
1043 808 1123 862 ce1ta
1142 804 1225 862 testi-

124 897 221 954 monia
245 897 347 956 desunt
369 914 459 967 neque
485 899 515 955 in
539 899 667 970 reliquiis
692 915 764 971 quae
796 904 920 958 aetatem
950 901 1077 958 tulerunt
1107 901 1227 958 aliorum

125 995 301 1064 quorundam
323 995 460 1052 librorum
480 995 599 1067 vestigia
619 995 837 1070 invemumur.)
868 979 934 1054 nam
955 996 1062 1055 Osauni
1082 997 1227 1054 coniectu·

125 1106 188 1146 ram
209 1089 243 1147 de
257 1090 376 1148 Homeri
396 1092 551 1149 carminum
572 1092 735 1150 recensione
757 1094 792 1150 ab
809 1093 963 1151 Heraclide
985 1097 1086 1151 curata
1105 1094 1140 1151 ab
1162 1093 1227 1152 aliis

126 1187 190 1244 iure
220 1186 410 1258 improbatam
441 1204 474 1246 ac
506 1189 575 1246 satis
606 1189 663 1246 iam
696 1188 874 1265 refutatam²)
905 1190 1082 1262 argumentis
1112 1190 1226 1248 omnino

128 1299 227 1342 carere
257 1285 398 1343 monuisse
429 1285 499 1343 satis
526 1291 579 1345 est.
620 1286 670 1344 sed
689 1285 870 1359 Sengebusch
891 1292 921 1345 et
940 1287 985 1346 La
1005 1287 1102 1346 Roche
1123 1292 1153 1344 et
1172 1286 1228 1359 ipsi

127 1381 240 1450 quidem
261 1397 324 1439 eam
344 1382 532 1454 suspicionem
552 1382 745 1454 improbantes
767 1385 983 1443 commentarios
1004 1389 1099 1442 tamen
1113 1384 1229 1442 criticos

127 1479 317 1556 (διορθωτικά)
338 1481 375 1539 ad
394 1481 551 1539 Homerum
572 1481 608 1539 ab
628 1482 781 1541 Heraclide
805 1483 925 1555 scriptos
957 1500 1018 1542 esse
1048 1484 1229 1555 putaverunt.

127 1593 163 1634 ne
184 1593 219 1634 ea
240 1577 353 1649 quidem
374 1579 516 1636 sententia
535 1579 594 1636 ullo
615 1580 716 1637 nititur
735 1579 926 1638 fundamento.
966 1596 1064 1639 versus
1084 1578 1230 1636 Homerici

127 1680 158 1730 et
176 1674 274 1732 variae
294 1674 430 1734 lectiones
444 1676 562 1733 Homeri
575 1694 707 1736 1111111111
720 1679 751 1736 in
769 1678 864 1736 multis
877 1678 1048 1736 Heraclidae
1060 1676 1230 1748 fragmentis

127 1769 299 1828 afferuntur:
331 1772 380 1830 scd
401 1789 498 1830 eorum
518 1775 626 1832 nullum
646 1775 689 1833 ita
709 1780 902 1847 comparatum
924 1779 981 1846 est,
1013 1779 1045 1832 ut
1065 1772 1151 1832 crisin
1171 1773 1229 1829 Ho-

126 1867 200 1924 meri
220 1869 375 1926 carminum
400 1870 540 1942 peculiari
567 1887 651 1942 operc
671 1872 707 1929 ab
728 1871 881 1930 Heraclide
906 1875 1059 1930 tractatam
1083 1887 1143 1929 esse
1163 1870 1230 1929 inde

126 1965 263 2036 colligere
278 1965 365 2024 liceat
378 1968 480 2024 nedum
494 1983 565 2038 opus
579 1968 627 2026 sit.
642 1984 749 2026 morem
762 1969 1015 2040 grammaticorum
1036 1968 1113 2026 illius
1126 1967 1230 2025 aetatis

126 2066 240 2119 secutus
271 2063 301 2119 in
331 2063 432 2120 studiis
463 2063 521 2120 suis
545 2065 739 2135 grammaticis
763 2065 935 2123 Heraclides
960 2065 1064 2136 ubique
1091 2068 1227 2136 „poetae‘

126 2159 230 2215 habuit
249 2160 388 2217 rationem
410 2160 487 2216 etin
507 2159 589 2217 libris
609 2161 713 2231 passim
734 2177 832 2219 versus
846 2162 1015 2220 Homericos
1035 2163 1081 2220 vel
1093 2161 1231 2219 vocabula

124 2255 245 2313 Homeri
264 2255 382 2327 propria
402 2257 636 2313 commemoravit
657 2261 686 2313 et
708 2256 853 2328 explicuit.
894 2258 925 2314 in
944 2258 1019 2315 libro
1041 2256 1102 2334 περὶ
1122 2255 1231 2316 δυσκλέ-

124 2372 181 2428 coo
203 2349 332 2426 ῥημάτων
354 2367 437 2422 quam
461 2368 547 2424 saepe
574 2353 748 2410 occasionem
780 2353 913 2411 habuerit
943 2354 1095 2412 verborum
1124 2352 1230 2413 formas

126 2449 273 2506 anomalas
293 2450 329 2505 ab
349 2449 473 2506 Homero
493 2455 647 2522 usurpatas
667 2450 809 2507 tractandi
836 2455 864 2508 et
889 2451 1066 2524 explicandi,
1098 2452 1160 2523 quis
1188 2455 1233 2509 est

124 2545 195 2615 quin
216 2543 384 2617 intellegat?
405 2549 491 2616 atque
504 2546 674 2603 Hustathius
690 2568 704 2623 p
721 2547 776 2605 196
797 2548 933 2619 quosdam
956 2547 1098 2626 ἀρισφαλὲς
1118 2549 1232 2622 ἔμμεναι

127 2639 210 2705 οὖδας
241 2642 385 2714 scripsisse
410 2642 459 2717 (of.
481 2643 533 2716 frg.
557 2643 608 2718 24)
633 2645 663 2701 in
687 2645 857 2704 Heraclidae
888 2646 961 2703 libro
992 2645 1053 2723 περὶ
1084 2643 1230 2704 ducaliter
1320 2659 1321 2662 ’

126 2737 258 2816 ῥημάτων
279 2755 309 2796 11
329 2740 472 2798 invenisse
493 2741 599 2798 diserte
620 2747 727 2800 narrat.

208 2837 292 2894 Haud
323 2837 442 2894 meliora
468 2842 531 2894 sunt
556 2844 722 2909 argumenta
742 2839 844 2911 quibus
864 2856 955 2911 nuper
975 2839 1001 2898 J.
1023 2838 1233 2911 Wackernagel

126 2934 178 3009 (de
199 2935 306 3007 pathol
329 2940 418 2994 veter.
439 2935 501 2992 init.
522 2953 550 3008 p.
575 2935 624 3010 17)
645 2951 733 3018 novas
756 2936 792 2994 de
811 2936 981 2995 Heraclidae
1007 2937 1089 2994 libris
1117 2936 1232 3007 quibus-

126 3031 195 3089 dam
209 3030 329 3109 περὶτοῦ
343 3030 376 3109 ἦν
390 3036 421 3090 et
433 3031 495 3109 περὶ
508 3034 687 3107 πλεονασμῶν
708 3033 885 3091 coniecturas
907 3034 1092 3105 comprobare
1112 3032 1230 3091 studuit.

126 3144 161 3185 ac
182 3129 304 3200 priorem
325 3129 436 3200 quidem
458 3129 505 3186 his
524 3129 620 3188 verbis
634 3127 774 3187 defendit:
799 3130 940 3201 „primum
953 3131 1067 3203 quidem
1080 3130 1138 3206 (ap.
1151 3129 1232 3189 Eust.

126 3224 315 3303 ρ.1432)ἧν
337 3243 373 3284 11
393 3224 439 3284 οὖν
460 3226 567 3285 factum
589 3243 652 3285 esse
674 3227 792 3285 docetur
813 3227 911 3286 eadem
931 3229 1042 3286 ratione
1063 3244 1119 3299 qua
1139 3223 1233 3302 ἑφο1ην

126 3320 283 3388 Aeolicum
297 3338 332 3378 ex
354 3320 474 3399 ἐφίλουν;
507 3329 568 3380 tum
587 3339 655 3380 vero
676 3322 717 3398 (p.
741 3323 831 3399 1759)
851 3323 928 3382 idem
953 3341 989 3384 11
1014 3322 1063 3401 ἧον
1089 3323 1169 3381 verbi
1195 3323 1232 3379 ἕω

127 3417 294 3490 imperiecto
315 3419 474 3478 derivatur:
507 3419 589 3494 quod
609 3421 757 3479 conciliari
776 3422 881 3492 nequit.
925 3438 989 3479 cum
1009 3426 1104 3479 autem
1124 3425 1233 3493 etymo-

201 3576 224 3644 1)
242 3592 298 3631 non
315 3577 405 3631 minus
425 3594 508 3648 quam
526 3576 648 3632 libellum
666 3569 725 3649 περὶ
737 3575 904 3650 ἐτυμολογιῶν
919 3577 953 3633 ab
966 3576 1111 3632 Heraclide
1123 3576 1230 3632 Milesio

128 3665 249 3720 alienum
268 3680 328 3719 1111
346 3664 465 3720 abiner
484 3664 645 3733 opusculum
669 3665 807 3735 quoddam
832 3664 887 3737 περὶ
913 3669 957 3716 τοῦ
984 3662 1035 3736 χρὴ
1062 3657 1104 3717 καὶ
1132 3663 1172 3716 δεῖ
1199 3663 1233 3720 ab

128 3754 177 3810 Et.
195 3754 248 3823 lig.
268 3753 330 3822 284,
349 3754 383 3808 53
400 3752 564 3809 Heraclidae
583 3756 693 3809 nomine
716 3754 868 3810 laudatum.
905 3753 977 3824 quod
1005 3753 1162 3823 philosophi
1190 3769 1234 3807 ar-

129 3843 252 3912 gumenti
280 3840 365 3897 tuisse
390 3839 515 3910 (sortasse
544 3841 579 3897 ad
609 3842 814 3912 philosophiam
844 3843 975 3896 moralem
1001 3841 1178 3911 pertinuisse)
1205 3842 1234 3896 ot

129 3928 294 3985 Heraclidae
312 3929 426 3985 Pontico
445 3929 608 3998 philosopho
626 3929 803 3985 tribuendum
822 3945 883 3986 1111
901 3929 970 3983 mihi
988 3929 1104 3985 udatur.

202 4018 224 4086 ²)
243 4015 276 4072 ci
296 4016 332 4072 Μ.
352 4015 477 4072 Schmidt
496 4017 571 4072 Diar.
591 4019 705 4088 Antiqu.
726 4019 794 4072 1855
818 4033 844 4088 p.
864 4018 924 4072 266.
957 4015 1135 4087 Sengehusch
1158 4016 1232 4072 loo.

130 4106 170 4162 La
188 4105 281 4161 Roche
299 4104 409 4162 Textkr.
429 4122 455 4175 p.
475 4107 519 4161 80.
555 4105 627 4176 Frye
644 4122 671 4175 p.
691 4106 741 4159 121
761 4121 838 4175 seqq.
