2722 4628
581 414 775 476 ..5-

126 619 203 692 quod
223 621 258 679 ab
273 621 424 680 Eustathio
445 637 502 679 non
521 638 663 695 uunquam
676 623 886 681 Alexandrinus
905 627 1024 682 vocatur
1037 640 1120 695 quem
1133 624 1234 684 Hero<

127 716 229 776 manus
248 717 391 777 Milesium
411 720 590 791 nuncupavit,
612 719 642 777 id
662 720 703 778 sio
724 720 920 792 explicandum
939 721 1061 788 videtur,
1083 726 1116 778 ut
1136 720 1228 779 Hera·

127 813 216 873 clides
229 815 323 872 Mileti
336 820 419 875 natus
434 820 499 888 post
512 816 703 875 Alexandriae
716 817 834 876 vixerit:
858 822 890 875 ut
902 817 1063 876 Zenodotus
1077 816 1227 877 Gratetens

126 910 163 968 ab
190 910 254 970 aliis
275 913 395 971 Mallote
425 912 462 972 ab
493 913 557 972 aliis
576 914 786 973 Alexandrinus
807 914 900 973 dictus
931 920 975 973 est
1006 911 1100 989 (Wolf
1116 912 1226 988 Proleg.

124 1008 286 1083 1199))

207 1105 251 1163 De
272 1111 425 1178 tempore
455 1123 511 1178 quo
542 1109 647 1166 vixerit
666 1108 834 1166 Heraclides
860 1108 990 1167 Milesius
1019 1109 1050 1166 in
1069 1109 1230 1167 universum

127 1205 208 1259 recte
228 1202 367 1261 iudicavit
386 1203 489 1264 Osann.
511 1206 536 1262 si
557 1205 668 1276 quidem
690 1205 725 1263 ab
746 1204 911 1263 Herodiano
938 1209 967 1263 et
986 1205 1139 1277 Apollonio
1160 1205 1231 1263 cita·

128 1304 187 1368 tur,
207 1298 286 1357 ultra
305 1301 445 1359 Hadriani
466 1300 599 1360 Caesaris
620 1308 750 1375 tempora
773 1302 850 1360 illius
871 1307 994 1360 aetatem
1013 1302 1154 1361 removeri
1174 1318 1230 1360 non

127 1411 212 1467 posse
232 1403 449 1457 consentaneum
469 1405 521 1460 est.
562 1401 619 1458 iam
639 1404 671 1458 ut
691 1407 802 1472 tempus
823 1399 983 1458 accuratius
1003 1398 1162 1471 definiatur,
1187 1398 1230 1456 vi·

129 1492 252 1551 deudnm
274 1500 318 1553 est
338 1512 407 1567 quos
428 1497 490 1570 ipse
511 1503 643 1556 auctores
656 1498 825 1556 laudaverit.
868 1497 898 1554 in
918 1496 1085 1569 fragmentis
1106 1497 1231 1555 citantur

128 1589 285 1664 Dionysius
306 1592 438 1653 Sidonius
456 1594 525 1669 (frg.
537 1595 589 1670 45)
607 1595 739 1668 Dionysii
756 1595 876 1653 Thracis
902 1598 931 1652 et
945 1594 1088 1652 Ammonii
1104 1594 1230 1652 Aristar-

128 1687 262 1746 cheorum
281 1690 343 1748 fere
364 1693 498 1763 aequalis,
522 1693 664 1765 Tyrannio
684 1693 776 1750 maior
798 1692 866 1765 (ng.
887 1691 939 1766 39)
958 1691 1091 1764 Dionysii
1112 1690 1230 1749 Thracis

132 1784 295 1857 discipulus,
318 1787 437 1859 denique
457 1787 635 1848 Aristonicus
655 1788 721 1864 (frg.
745 1789 805 1864 31),
828 1805 909 1860 quem
928 1788 1049 1861 Augusti
1069 1787 1231 1858 Tiberiique

128 1887 225 1941 aetate
237 1883 341 1942 vixisse
361 1889 479 1944 constat.
512 1887 608 1957 itaquo
628 1892 708 1945 aetas
722 1887 898 1945 Heraclidae
919 1886 961 1944 ita
975 1884 1233 1943 circumscribendo

127 1979 249 2053 videtur,
281 1987 314 2039 nt
347 1983 425 2042 inter
448 1983 603 2042 Aristonici
634 1987 664 2043 et
688 1983 834 2056 Apollonii
860 1983 979 2056 Dyscoli
1009 1986 1137 2055 tempora
1168 1996 1233 2039 eum

128 2073 258 2136 floruisse
278 2085 436 2139 statuamus
456 2081 475 2138 i.
498 2097 522 2140 e.
544 2086 665 2140 exeunte
684 2080 746 2139 lere
766 2081 878 2140 saeoqu
900 2079 938 2155 1²)
960 2085 989 2138 et
1006 2080 1129 2138 fortasse
1148 2078 1231 2136 initio

128 2174 237 2232 saeculi
256 2176 285 2234 Π
304 2192 333 2248 p.
355 2176 421 2234 Chr.
442 2194 470 2234 n.
512 2193 585 2249 qnae
604 2177 787 2236 ratiocinatio
813 2176 890 2234 iufra
915 2177 1003 2235 etiam
1032 2177 1089 2234 alia
1119 2176 1232 2234 ratione

129 2270 352 2345 confirmabitur,
374 2273 423 2331 nbi
444 2273 479 2332 de
499 2273 648 2332 Ammonio
670 2273 819 2332 dicendum
840 2273 901 2331 erit
944 2289 1000 2330 non
1019 2289 1108 2346 urgeo
1123 2273 1232 2331 Chara-

129 2367 171 2426 cis
192 2368 362 2427 mentionem
383 2369 449 2446 (frg.
471 2371 531 2446 56).
572 2387 638 2428 nam
658 2370 840 2429 Eustathinm
862 2385 924 2429 eam
937 2369 1108 2427 Heraclidae
1130 2367 1232 2427 debere

129 2481 187 2523 nou
207 2466 249 2522 ita
269 2469 446 2539 exploratum
470 2470 592 2541 ridetur,
619 2475 652 2526 ut
676 2469 743 2527 inde
768 2469 876 2541 aliquid
901 2468 1097 2527 concludatur.
1137 2470 1232 2539 potest

129 2565 192 2635 ipso
212 2563 382 2624 Eustathius
403 2567 534 2625 laudasse
554 2563 754 2642 Characem³);
779 2583 845 2625 nam
869 2567 953 2626 huius
978 2566 1087 2638 scripta
1105 2564 1232 2623 homiues

129 2816 206 2872 bant.
245 2817 402 2876 Gre'fenhan
421 2818 534 2888 (Gesch.
553 2818 578 2876 d.
598 2819 679 2875 class.
697 2818 797 2874 Philol.
813 2818 854 2874 lli
873 2818 918 2887 65)
937 2815 1100 2872 Heraclidae
1117 2815 1230 2882 Pontico

128 2907 230 2961 1111111111
248 2907 408 2977 opusculum
427 2899 484 2980 ue'p't
503 2908 670 2981 ἐτυμολογιῶν
693 2911 722 2963 et
744 2907 846 2962 librum
869 2896 925 2977 περὶ
947 2897 1085 2958 occultiore
1110 2899 1231 2980 ῥημάτων

129 2994 239 3063 tribuit,
257 2995 357 3050 librum
373 2994 431 3068 περὶ
448 2994 586 3068 καθολικῆς
604 2993 747 3068 προσῳδίας
766 3012 802 3050 ne
813 2996 927 3050 noverat
944 2992 1063 3064 quidem.
1094 2991 1128 3047 H.
1141 2991 1233 3046 Kleiat

127 3082 176 3152 (de
194 3079 299 3138 Philox.
319 3084 391 3139 stud.
410 3086 496 3154 etym.
515 3100 542 3153 p.
561 3084 608 3152 22)
627 3087 655 3138 et
666 3082 693 3139 J.
706 3081 899 3150 Wackernagel
916 3080 964 3149 (de
982 3078 1087 3151 pathol.
1099 3083 1153 3134 vet.
1171 3079 1233 3132 init.

130 3186 158 3241 p.
180 3171 226 3238 17)
244 3171 417 3227 Heraclidem
435 3171 579 3227 Ponticum
597 3172 730 3226 minorem
748 3174 776 3227 et
794 3170 957 3239 temptarem
968 3167 1055 3223 libelli
1066 3158 1123 3239 περὶ
1141 3166 1231 3238 ἐτυμο-

128 3258 221 3331 λογιῶν
240 3261 268 3314 et
285 3258 349 3314 libri
365 3252 423 3332 περὶ
440 3253 579 3313 donatiuum
604 3257 729 3337 ῥημάτιον
748 3261 777 3315 et
794 3257 932 3314 Emathii
959 3258 1098 3312 auctorem
1124 3256 1232 3324 putant.

131 3346 207 3402 idem
227 3349 398 3404 existimavit
414 3349 500 3404 Lente
519 3348 632 3416 (Herod.
649 3348 735 3418 prael.
753 3363 780 3416 p.
798 3345 937 3415 CLXVII),
956 3345 1005 3400 sed
1023 3345 1106 3400 alium
1125 3342 1232 3398 videtur

131 3438 246 3506 putasse
264 3436 401 3492 Milesium
422 3438 470 3506 (ib.
489 3453 516 3507 p.
536 3437 651 3506 CLXX).

205 3525 227 3593 ¹)
245 3524 320 3579 idem
339 3526 412 3596 quod
430 3525 592 3581 Heraclidae
610 3524 743 3580 accidisse
755 3523 863 3579 videtur
876 3521 931 3579 Oro
945 3519 1130 3590 grammatico,
1148 3522 1180 3574 ut
1197 3519 1232 3575 ab

132 3612 194 3668 aliis
214 3612 337 3668 Milesius
355 3613 391 3669 ab
411 3613 472 3668 aliis
490 3613 693 3670 Alexandrinus
713 3612 862 3667 diceretur:
882 3611 922 3664 ita
940 3607 1062 3664 confusio
1080 3606 1129 3662 illa
1146 3607 1233 3677 expli·

132 3700 222 3756 canda
240 3701 356 3770 videtur,
375 3718 459 3772 quam
477 3701 576 3758 Suidae
594 3702 692 3756 auctor
709 3700 739 3754 in
758 3697 806 3755 Ori
824 3700 853 3753 et
871 3695 982 3754 Orionis
1000 3696 1063 3750 vitia
1082 3694 1232 3750 commisit:

132 3788 167 3846 cf.
186 3787 343 3844 (1111111111
363 3789 403 3845 ΠΙ
421 3791 464 3846 15.
482 3789 514 3845 lt.
532 3789 621 3844 Hiller
638 3789 711 3843 Aun.
729 3786 822 3856 philol.
839 3787 884 3854 99,
908 3784 968 3840 439.

204 3879 225 3944 ²)
244 3877 319 3933 hand
336 3880 410 3933 recte
429 3879 520 3946 Baege
538 3877 571 3931 de
588 3876 706 3932 Ptolem.
718 3874 809 3932 Ascal.
827 3890 853 3944 p.
873 3873 903 3926 δε
922 3871 992 3941 „fnit
1008 3870 1168 3927 Heraclides
1181 3870 1231 3926 lli-

132 3965 217 4021 lesius
236 3965 315 4022 initio
333 3968 416 4037 primi
436 3982 464 4036 p.
483 3965 546 4022 (ihr.
564 3965 694 4021 saeculi“.

205 4053 229 4121 ³)
247 4053 378 4110 11111111.
406 4054 442 4110 ad
459 4053 541 4110 Dion.
567 4053 674 4122 Perieg.
702 4052 761 4107 687.
789 4051 849 4106 689.
876 4047 911 4104 ad
936 4047 1016 4104 Hom.
1042 4048 1166 4118 111501,
1189 4048 1233 4103 51.

133 4143 211 4213 1859,
229 4143 273 4199 44.
