2722 4628
574 385 770 449 „g-

122 595 201 668 logia
219 594 298 667 prior
316 595 401 667 plane
420 611 485 652 cum
504 610 539 653 11
558 595 667 653 ratione
692 594 858 662 consentiat,
889 610 973 666 quam
1003 594 1033 651 in
1060 594 1135 651 libro
1162 590 1224 669 περὶ

125 691 271 752 ouantes
291 689 422 770 ῥημάτων
442 691 623 750 Heraclidem
642 697 770 750 secutum
790 692 924 763 videmus,
956 708 1024 765 ergo
1046 692 1138 749 altera
1157 690 1224 748 inde

123 789 215 863 petita
240 804 302 847 esse
331 791 465 861 nequeat,
497 788 625 861 suspicor
649 788 703 846 hoc
729 787 841 859 quidem
860 786 1050 860 fragmentum
1069 787 1107 846 ad
1126 785 1223 845 nescio

123 902 208 958 quem
226 884 287 962 περὶ
306 887 354 944 τοῦ
374 883 408 962 ἦν
431 885 558 944 libellum
583 885 726 958 pertinere
745 885 927 944 Herodiaueo
950 886 1060 958 pariter
1084 885 1223 957 inscripto

124 982 270 1042 similem.“
313 987 344 1041 at
363 983 389 1040 11
407 981 566 1056 fragmenta
586 982 750 1054 diligentius
771 982 967 1055 examinasset,
990 983 1049 1040 eius
1069 982 1147 1041 modi
1167 982 1224 1040 dis·

125 1080 285 1153 crepantias
299 1080 375 1152 apud
388 1079 571 1138 Heraclidem
584 1079 656 1136 nihil
676 1079 783 1137 habere
803 1077 917 1138 mirifici
937 1080 1128 1152 cognovisset:
1151 1079 1225 1138 solet

124 1177 200 1235 enim
219 1177 387 1235 Heraclides
410 1176 493 1235 unius
525 1175 634 1235 formae
664 1175 793 1248 proferre
819 1193 876 1234 non
906 1193 1049 1249 nunquam
1078 1176 1149 1234 duas
1179 1176 1225 1234 vel

128 1273 225 1346 plures
249 1273 467 1344 explicationes,
500 1290 570 1346 quas
601 1271 708 1332 referre
738 1274 774 1331 ad
804 1273 929 1333 disemos
958 1274 1048 1332 libros
1074 1289 1131 1332 non
1157 1273 1226 1331 licet

125 1369 174 1446 (ef.
195 1369 251 1444 irg.
272 1373 320 1431 46.
335 1371 396 1446 47).
416 1376 451 1430 ut
469 1369 502 1448 ἦν
523 1371 559 1430 ab
580 1368 626 1429 οὖν
646 1371 688 1429 sic
706 1369 780 1447 ἤμην
801 1370 837 1429 ab
857 1368 944 1447 οὔμην
965 1370 1108 1429 derivatur
1128 1369 1225 1446 (Euat.

125 1485 154 1540 p.
178 1467 346 1544 141131),
377 1469 448 1526 alibi
466 1485 534 1527 vero
555 1469 649 1544 (Hust.
670 1485 699 1541 p.
722 1470 808 1540 1641,
828 1469 877 1528 44.
907 1470 993 1538 1770,
1014 1467 1065 1542 35)
1095 1467 1132 1527 ab
1163 1466 1227 1542 ἐμαί

126 1565 209 1641 ἔμηνε
240 1580 331 1636 neque
360 1568 457 1623 tamen
487 1566 522 1623 de
552 1563 625 1642 ἤμην
653 1565 745 1624 forma
767 1563 941 1637 peculiarem
964 1565 1091 1623 libellum
1111 1564 1227 1636 scripsit

128 1662 302 1725 Heraclides
342 1661 555 1734 Wackernagel
575 1679 591 1720 e
611 1662 684 1720 libro
704 1661 765 1740 περὶ
785 1661 931 1721 δοσκλίτων
952 1660 1081 1739 ῥημάτων
1101 1661 1226 1733 priorem

127 1764 238 1817 tantum
258 1757 366 1817 formae
385 1756 418 1835 ἦν
440 1759 639 1832 etymologiam
657 1758 721 1817 ideo
741 1759 866 1831 repetiit,
888 1759 963 1832 quod
982 1759 1014 1816 in
1034 1774 1067 1816 eo
1087 1759 1176 1817 verba
1195 1760 1227 1815 iu

130 1852 159 1936 ηῖι
179 1856 241 1914 1111
260 1859 385 1914 tractata
404 1854 492 1913 fuisse
512 1856 633 1928 putavit.
674 1871 746 1927 quae
767 1855 869 1927 opinio,
891 1855 1001 1914 utalia
1021 1855 1158 1926 omittam,
1181 1855 1226 1912 val

126 1969 160 2011 eo
181 1952 331 2020 refellitur,
352 1954 427 2024 quod
441 1952 509 2011 Orio
530 1953 681 2011 Thebanus
701 1953 898 2025 etymologiam
918 1953 995 2010 vocis
1015 1949 1096 2029 εόράξ
1117 1968 1133 2008 1
1152 1951 1226 2009 libro

125 2048 186 2127 περὶ
206 2047 355 2109 bombices
374 2048 503 2126 ῥημάτων
524 2049 651 2122 sumpsit,
673 2051 748 2109 unde
769 2051 896 2122 sequitur
916 2050 1010 2107 omnia
1029 2066 1101 2121 quae
1122 2049 1227 2108 Eusta-

125 2149 203 2207 thius
223 2147 259 2206 de
280 2147 390 2221 origine
409 2149 491 2206 verbi
511 2149 583 2225 ἔρρω
598 2153 732 2219 quattuor
752 2147 822 2206 locis
842 2147 933 2205 tradit
953 2145 1016 2220 (ing.
1035 2148 1082 2218 19)
1104 2147 1141 2204 ad
1162 2162 1226 2203 eum

124 2243 229 2306 librum
260 2261 321 2303 esse
350 2243 510 2304 referenda.
533 2277 570 2287 —
591 2243 652 2322 περὶ
678 2247 856 2319 πλεονασμῶν
876 2243 1056 2303 Heraclidem
1080 2243 1227 2316 scripsisse

126 2341 250 2400 coniecit
275 2341 325 2399 ille
347 2346 467 2414 propter
488 2343 560 2400 haec
579 2343 667 2399 verba
687 2344 744 2416 (ap.
767 2341 848 2399 Eust.
869 2357 897 2412 p.
920 2339 1005 2416 722):
1037 2340 1152 2418 Ἀργεῖοι
1183 2338 1228 2399 καὶ

123 2435 231 2516 Κρῆτες
251 2436 380 2503 πολλάκις
399 2437 564 2517 ἐξαιροῦντες
582 2439 644 2497 eli
668 2437 820 2497 ἐντάττουσι
849 2437 880 2496 τὸ
910 2438 928 2493 i
956 2438 1004 2514 τὴν
1035 2437 1072 2502 εἰς
1101 2436 1227 2516 πρόθεσιν

125 2533 169 2598 ive
195 2534 316 2610 λέγοντες
336 2534 381 2594 καὶ
399 2535 430 2593 τὸ
450 2533 532 2599 τιθείς
550 2533 637 2598 τιθένς
656 2535 726 2611 (non
746 2534 915 2609 μετατιθέασι
934 2535 965 2592 τὸ
985 2536 995 2593 i
1016 2535 1053 2599 εἰς
1072 2535 1113 2610 1);
1138 2550 1228 2606 „quae

124 2632 240 2704 quidem
266 2632 382 2708 (inquit)
407 2632 534 2704 quamvis
560 2637 639 2690 recte
668 2633 820 2690 observata
850 2637 945 2690 tamen
975 2649 994 2690 a
1024 2631 1228 2691 consuetudine

128 2734 258 2788 veterum
288 2734 346 2787 tam
376 2729 471 2786 aliena
501 2733 579 2800 sunt,
610 2732 643 2786 ut
673 2729 727 2786 nisi
753 2733 861 2786 certam
887 2729 1027 2800 quandam
1047 2730 1083 2788 ob
1104 2745 1228 2796 causam,

124 2827 153 2887 la
168 2843 193 2885 e.
209 2826 275 2898 quia
295 2826 419 2898 scriptor
439 2824 494 2884 sibi
513 2825 661 2897 proposuit
681 2842 733 2898 per
751 2824 921 2901 πλεονασμόν
936 2827 1031 2884 omnia
1050 2826 1227 2899 explicanda,

124 2925 166 2983 111
196 2924 283 2984 scribi
312 2939 368 2981 uon
398 2923 570 2997 potuerint.“
613 2924 741 2996 equidem
767 2925 880 2982 omnino
905 2940 950 2983 me
976 2940 1031 2982 uon
1060 2923 1229 2995 intellegere

127 3021 229 3093 fateor,
251 3020 326 3093 quod
345 3021 384 3078 sil
403 3020 555 3079 discrimen
573 3021 649 3079 inter
662 3019 826 3098 ἐξαιροῦντες
841 3020 993 3080 ἐντάττουσι
1004 3026 1034 3078 11
1048 3019 1227 3095 pererrasset.

132 3119 168 3177 de
183 3120 344 3191 pleonasmo
357 3117 411 3177 hoc
429 3117 493 3177 loco
514 3135 605 3177 sermo
626 3136 682 3177 nou
703 3123 754 3191 111,
776 3119 852 3189 quod
871 3119 918 3177 vel
937 3135 974 3176 ex
994 3117 1229 3190 subsequentibus

126 3220 256 3289 apparet:
289 3213 395 3275 Σικελοὶ
420 3214 511 3291 μέντοι
535 3217 647 3291 ἔμπαλιν
666 3215 697 3274 τὸ
718 3219 728 3277 ἰ
748 3214 806 3274 ἀντὶ
824 3216 872 3274 τοῦ
891 3216 910 3271 V
928 3214 1060 3285 τάττουσι,
1090 3214 1122 3272 τὸ
1152 3215 1228 3272 ἔνδον

126 3314 198 3371 ἔνδοι
218 3311 340 3387 λέγοντες
365 3316 424 3372 ιιτλ.
446 3317 476 3370 11
496 3313 591 3386 Epim.
610 3312 704 3372 (iram.
726 3313 742 3372 I
764 3315 828 3385 137,
852 3313 888 3372 29
910 3312 958 3372 Ec.
978 3312 1036 3384 Mg.
1059 3312 1226 3384 3012...

127 3409 146 3486 ἡ
167 3407 217 3485 μὲν
237 3411 291 3466 τῶν
308 3406 441 3487 Ἀργείων
462 3408 600 3474 διάλεκτος
620 3409 783 3487 μεταβάλλει
801 3410 832 3467 τὸ
854 3409 920 3473 ieie
939 3412 961 3467 i.
990 3409 1141 3467 ridiculum
1160 3425 1228 3468 Vero

127 3514 157 3565 et
177 3505 349 3567 refutatione
368 3508 417 3565 vix
437 3508 554 3581 dignum
578 3513 623 3567 est
648 3508 731 3578 illud,
763 3507 858 3566 omnia
887 3523 939 3579 per
962 3506 1153 3579 pleonasmum
1178 3522 1228 3564 ex-

127 3603 261 3678 plicanda
290 3603 345 3662 sibi
374 3604 556 3676 proposuisse
585 3605 774 3664 Heraclidem.
820 3621 903 3677 quem
928 3609 962 3662 ut
987 3603 1155 3679 πλεονασμόν
1186 3604 1228 3661 111

128 3698 264 3777 ἀποβολήν
293 3701 397 3780 τροπήν
427 3699 561 3778 σνγκοπήν
592 3706 621 3760 11
651 3706 747 3760 cetera
770 3701 866 3760 παθῶν
886 3717 991 3774 genera
1010 3702 1172 3760 adhibuisse
1192 3700 1230 3758 ad

128 3797 267 3856 vocabula
287 3797 440 3857 derivanda
459 3798 528 3858 satis
547 3799 759 3869 luculenterque
780 3814 817 3856 ex
837 3799 964 3871 reliquiis
983 3803 1112 3872 apparet.

207 3895 251 3953 Ac
280 3895 315 3954 de
345 3895 406 3953 vita
436 3895 606 3968 scriptisque
635 3895 808 3955 Heraclidae
838 3895 909 3954 haec
939 3895 1053 3968 quidem
1083 3896 1229 3955 haetenus.

130 3990 215 4063 plura
234 3991 305 4050 mihi
326 3991 446 4052 dicenda
464 3997 531 4050 sunt
551 3992 587 4050 de
606 3991 766 4051 fontibus
783 3993 844 4053 eius
857 3992 1004 4051 doctrinae
1016 3999 1047 4051 et
1059 3992 1095 4050 de
1109 3992 1229 4064 singulis

131 4089 293 4149 auctoribus
314 4089 364 4162 qui
383 4089 547 4163 fragmenta
565 4095 725 4149 servarunt
766 4094 797 4148 et
815 4089 924 4162 primus
948 4089 1061 4163 quidem
1081 4089 1229 4148 nominan-
