2722 4628
567 441 784 504 ..22-

123 655 241 725 propter
271 650 434 710 dissimilem
466 657 615 711 accentum
644 653 690 711 vel
721 654 914 712 characterem
944 653 990 710 vel
1012 652 1228 710 declinationem

124 748 194 806 nulli
215 749 315 806 canoni
335 753 419 807 erant
439 750 616 808 subicienda:
638 766 672 808 ea
691 748 853 828 παραλόγως
873 749 952 808 iacta
972 750 1228 827 1111111ἡμαρτρ·

126 844 194 920 μένα
215 846 347 904 dixerunt
366 847 545 919 grammatici
566 848 611 905 vel
631 847 679 922 (ut
698 846 891 922 Herodianus)
913 845 1052 923 σημειώδη
1075 846 1228 924 oppeneres

125 941 241 1021 μονήρη.
272 944 343 1001 haec
364 943 400 1003 de
421 944 555 1017 analogia
575 944 706 1003 doctrina
725 944 847 1003 maxime
867 945 959 1002 valuit
971 945 1002 1002 11
1015 944 1227 1016 quaestionibus

125 1041 310 1114 prosodiaeis.
341 1046 427 1114 atque
448 1041 632 1100 Aristarchus
653 1042 766 1113 quidem
787 1059 912 1100 summus
932 1048 1033 1100 auctor
1053 1046 1083 1100 et
1096 1042 1228 1114 princeps

125 1139 369 1212 analogeticorum
390 1139 485 1197 nativo
505 1139 628 1211 quodam
648 1140 708 1196 veri
727 1137 848 1210 falsique
863 1155 946 1197 sensu
957 1146 1040 1196 caute
1053 1155 1088 1196 ae
1102 1139 1227 1198 modeste

124 1238 273 1310 analogiae
292 1252 419 1295 normam
439 1237 470 1294 in
483 1237 648 1296 accentibus
662 1236 862 1295 vocabulorum
876 1236 1085 1295 constituendis
1098 1236 1228 1294 adhibuit

124 1334 229 1410 (Lehrs
241 1333 348 1393 Arist¹
363 1334 443 1409 251),
458 1339 646 1407 praeteream
659 1335 780 1392 multum
793 1335 890 1393 ualere
903 1335 1089 1393 traditionem
1103 1339 1134 1393 et
1147 1351 1227 1392 usum

124 1431 272 1490 iudicavit.
305 1435 335 1489 et
354 1432 404 1490 ubi
417 1432 575 1504 analogiam
589 1431 727 1504 adhibuit,
750 1448 807 1489 non
820 1437 879 1489 tam
893 1432 1092 1504 grammaticas
1102 1432 1227 1490 rationes

124 1529 170 1604 (ut
189 1529 369 1602 grammatici
389 1529 573 1605 posteriores)
588 1531 702 1588 1111111
717 1533 760 1588 111
772 1545 857 1601 quam
871 1529 1089 1602 significationis
1104 1535 1134 1587 et
1146 1529 1227 1587 litte·

124 1644 221 1686 rarum
240 1626 369 1685 finalium
390 1627 590 1685 similitudines
611 1626 716 1701 (Lehrs
736 1629 756 1686 l.
770 1628 789 1686 l.
810 1626 981 1701 1551111).
1011 1626 1145 1699 discipuli
1165 1643 1228 1685 vero

125 1724 253 1798 plerique
274 1725 334 1784 eius
355 1730 384 1784 et
404 1724 583 1784 Aristarchei
603 1725 785 1797 posteriores,
808 1741 872 1783 cum
892 1725 990 1783 nativo
1010 1725 1061 1782 illo
1082 1741 1229 1788 sensnca-

123 1828 220 1881 rerent
240 1828 269 1883 et
287 1839 371 1881 unam
384 1823 415 1880 in
427 1823 524 1896 lingua
536 1823 676 1882 rationem
688 1823 784 1883 111111
802 1828 946 1896 putarent,
967 1823 1072 1894 ubique
1083 1825 1230 1897 analogias

125 1921 309 1994 quaerebant,
324 1921 419 1979 omnia
433 1921 520 1980 certis
533 1921 641 1994 regulis
656 1921 834 1994 adstringere
847 1920 1008 1992 studebant,
1030 1922 1231 1979 uocabulorum

124 2023 260 2078 accentus
289 2017 398 2091 legibus
423 2018 483 2075 suis
503 2034 587 2091 saepe
607 2016 687 2076 falsis
709 2017 922 2077 constituebant
941 2017 1075 2088 loquendi
1094 2036 1165 2077 usus
1185 2036 1229 2076 11-

125 2117 204 2175 11111
234 2116 313 2174 nulla
344 2115 444 2174 habita
474 2114 631 2191 (Steinthal
657 2115 758 2174 Gesch.
781 2115 809 2174 d.
831 2113 976 2187 Sprachw.
998 2131 1025 2186 p.
1048 2114 1106 2172 475
1129 2116 1229 2190 seqq).

125 2214 308 2273 Herodianus
328 2213 440 2271 demum
460 2213 598 2287 plurimos
618 2213 794 2285 superiorum
815 2229 926 2271 errores
947 2228 983 2269 ex
1003 2210 1076 2270 falsa
1096 2212 1229 2285 analogia
1249 2279 1252 2286 ,

126 2316 205 2369 ortos
236 2311 363 2370 correxit
388 2314 417 2368 11
437 2309 599 2368 Aristarchi
618 2315 772 2383 praecepta
791 2309 999 2382 redintegravit
1019 2325 1054 2367 ac
1075 2309 1229 2368 defendere

127 2410 244 2468 studuit.
276 2409 306 2467 in
325 2408 485 2467 Herodiani
506 2408 636 2466 doctrina
654 2407 822 2480 prosodiaca
842 2408 960 2465 traditio
975 2405 1148 2485 (παράδοσις)
1163 2424 1230 2466 con-

127 2507 249 2566 suetudo
270 2505 419 2583 (συνήθεια,
441 2504 548 2584 χρῆσις)
569 2505 731 2563 litterarum
751 2504 878 2563 finalium
899 2505 1054 2563 similitudo
1075 2505 1230 2583 (χαρακτὴρ

126 2607 175 2681 τῆς
205 2607 306 2682 φωνῆς,
338 2602 521 2680 συνεκδρομτῦ
551 2618 607 2659 111
638 2602 729 2659 minus
754 2603 853 2660 valent
876 2619 962 2674 quam
982 2603 1117 2676 analogia
1137 2619 1232 2676 gram·

129 2702 242 2760 metica.
774 2706 776 2710 “

207 2799 241 2856 11
267 2798 453 2857 severissimis
473 2797 530 2856 illis
551 2797 696 2869 analogiae
718 2796 911 2857 defensoribus
932 2798 1099 2858 Herachdes
1121 2815 1231 2871 qnoque

129 2898 321 2955 numerandus
341 2900 393 2955 est.
425 2911 510 2965 quam
530 2894 637 2952 acriter
657 2901 686 2953 11
706 2899 813 2966 quanto
834 2895 929 2953 studio
950 2895 1112 2968 analogiam
1133 2901 1234 2953 contra

129 3010 212 3054 usum
239 2992 396 3052 defenderit
421 2992 528 3065 optime
555 2993 729 3052 demonstrat
754 2993 946 3066 fragmentum
965 2993 1037 3051 illud
1058 2994 1093 3051 de
1115 2997 1233 3052 accentu

130 3093 210 3151 vocis
230 3090 351 3169 σταρολή
372 3091 440 3167 (frg.
462 3089 502 3163 6).
532 3090 713 3150 Ptolemaeus
733 3090 903 3150 Ascalonita
922 3092 975 3149 hoc
996 3092 1059 3149 loco
1074 3091 1134 3148 sine
1148 3090 1234 3148 dubio

129 3188 328 3247 Aristarchum
358 3192 470 3246 secutus
500 3186 549 3263 (cf.
570 3187 662 3246 Lehrs
683 3187 784 3247 Arist.¹
805 3187 876 3262 266)
908 3187 1099 3246 differentiam
1124 3187 1234 3246 abusu

131 3285 228 3345 deam
257 3287 441 3358 probaverat,
473 3300 530 3356 qua
559 3283 679 3362 σταφύλη
711 3284 755 3359 (τὸ
778 3285 932 3344 τεκτονικὸν
958 3284 1108 3364 ἐργαλεῖον)
1128 3301 1146 3343 a
1166 3301 1235 3344 voce

131 3381 253 3459 σταφυλή
284 3382 312 3460 (ὁ
344 3381 459 3461 καρπός)
492 3383 726 3455 distinguebatur.
769 3382 940 3442 Heraclides
969 3384 1063 3441 acrior
1087 3383 1235 3455 analogiae

132 3484 329 3553 propugnator
349 3478 541 3557 ἡμαρτημένον
562 3479 635 3538 dixit
656 3478 955 3558 11111111οταρωλή,
988 3480 1063 3552 quod
1083 3481 1237 3539 secundum

133 3594 270 3637 canonem
290 3578 468 3638 substantiva
488 3579 519 3636 in
538 3575 591 3656 ol‘p
612 3583 759 3637 accentum
779 3578 903 3637 habeant
920 3580 947 3635 in
963 3578 1146 3651 paenultima,
1179 3579 1234 3636 He·

132 3676 266 3734 rodianus
286 3692 354 3736 vero
386 3676 440 3735 etsi
461 3693 596 3736 canonem
616 3678 758 3750 agnoscit,
784 3683 880 3734 tamen
910 3691 1008 3734 vocem
1034 3674 1156 3752 σταφυλή
1177 3691 1233 3734 111

133 3773 286 3847 subiungit,
307 3791 370 3833 cum
391 3780 490 3833 contra
504 3775 657 3847 paradosin
677 3773 786 3846 aliquid
799 3779 926 3832 statuere
940 3790 995 3832 non
1009 3772 1093 3831 facile
1106 3772 1233 3839 auderet,

134 3870 184 3929 sed
208 3887 292 3942 quam
312 3872 434 3931 maxime
453 3877 550 3945 posset
568 3872 753 3931 traditionem
774 3869 948 3930 defenderet.
990 3869 1121 3928 similiter
1142 3869 1236 3928 Hera·

136 3969 223 4029 clides
236 3974 382 4029 accentum
395 3970 527 4029 vocabuli
542 3969 677 4048 ἀβληχρὸς
691 3968 828 4026 tractavit
842 3967 907 4043 (frg.
925 3966 956 4042 7)
971 3968 1045 4039 quod
1062 3968 1091 4024 in
1105 3965 1237 4039 paradosi

134 4065 191 4125 init
222 4071 379 4140 oxytonon:
410 4068 523 4140 putavit
548 4066 683 4146 ἀβληχρός
703 4083 756 4140 per
776 4064 985 4139 {privativum
1005 4070 1099 4123 ortum
1120 4079 1235 4124 111111

133 4162 260 4242 βληχρός,
291 4167 389 4239 itaque
409 4162 546 4243 ἄβληχρος
565 4165 652 4225 scribi
673 4165 764 4222 voluit
783 4160 1023 4241 προπαροξυτόνως
1042 4161 1118 4221 situi
1138 4163 1233 4221 adiec-
