2722 4628
622 457 659 468 ...
709 421 837 486 pg..

174 633 289 705 qnidam
308 650 362 707 pro
383 633 476 710 μέντοι
495 633 648 694 utebantur
673 634 711 691 ad
729 633 899 706 Argivorum
920 638 950 691 et
969 631 1148 691 Cretensium
1175 631 1295 692 dialec-

176 735 238 788 tum
258 729 428 791 Heraclides
449 731 568 803 rettulit
591 730 668 802 quod
688 731 788 803 Argivi
808 735 838 789 et
851 730 1002 790 Cretenses
1021 728 1108 794 τιθένς
1128 746 1182 803 pro
1200 727 1287 794 aaa

177 834 209 888 et
229 827 272 892 iv<
292 845 344 903 pro
366 827 403 912 sic
430 828 564 888 dicebant
589 827 655 905 (frg.
678 827 740 904 16):
773 829 872 887 eadem
897 828 1010 887 ratione
1036 827 1156 886 verbum
1177 825 1287 887 σνσένδω

174 927 251 1000 quod
281 943 316 986 ex
341 924 441 985 σπεύδω
472 931 565 984 ortum
597 925 711 999 putavit
744 941 898 997 vocemque
929 924 984 984 αἰέν
1015 925 1122 984 eisdem
1153 923 1289 985 dialectis

173 1023 338 1096 assignavit.
372 1022 497 1083 vicissim
516 1021 654 1102 εἰνάνυχες
667 1023 826 1082 Siculorum
841 1024 963 1083 dialecto
983 1024 1094 1094 tribuit,
1114 1022 1183 1096 qnia
1196 1022 1291 1083 Siculi

174 1122 247 1180 ύνδσι
276 1138 329 1195 pro
360 1123 437 1180 ένδσν
464 1121 609 1181 dicebant.
651 1138 686 1181 ex
716 1123 813 1183 eadem
841 1123 964 1182 dialecto
990 1123 1096 1182 formas
1116 1121 1293 1182 Homericae-

175 1217 313 1296 πέπληγον
327 1217 479 1279 ἐκλέλαθον
499 1220 562 1278 sim.
575 1220 720 1292 repetivit,
741 1220 817 1291 quod
830 1219 920 1280 Siculi
934 1236 953 1278 a
965 1219 1101 1293 perfectis
1115 1219 1287 1293 quibusdam

174 1316 263 1375 verba
283 1317 446 1390 praesentia
466 1317 631 1376 formabant
653 1316 721 1393 (frg.
744 1316 807 1393 32):
842 1333 898 1390 qna
922 1318 952 1376 in
976 1334 1009 1377 re
1030 1334 1198 1377 consensum
1214 1317 1288 1381 ‚tulit

173 1414 345 1484 Herodiani‚
371 1431 435 1474 cum
454 1415 648 1487 Aristonicus,
677 1431 760 1487 quem
780 1415 954 1474 Heraclides
977 1415 1039 1488 ipse
1059 1415 1172 1488 laudm,
1205 1419 1286 1475 recto

174 1511 241 1570 illas
261 1528 325 1570 cum
344 1512 450 1572 Ionicis
469 1512 567 1572 formis
588 1510 729 1588 κεκάμωῑ)
750 1511 858 1591 λσλάβω
880 1517 1079 1586 comparasset.
1130 1512 1163 1571 in
1192 1510 1287 1571 forma

172 1607 297 1667 πέπονθα
311 1609 387 1681 quod
403 1626 422 1668 a
438 1609 528 1668 verbo
545 1613 620 1668 πονῶ
634 1611 776 1671 derivavit
792 1611 911 1670 eundem
924 1611 1120 1684 pleonasmum
1134 1599 1285 1669 litteraed

175 1706 303 1781 octnr)
324 1715 410 1779 alque
430 1708 461 1765 in
480 1707 627 1768 vocabulis
653 1707 736 1787 διχθά
762 1707 905 1784 μαλθακός
929 1706 1074 1787 χθαμαλύς
1103 1705 1184 1786 χθών
1210 1705 1285 1787 ὄχθη

175 1802 262 1883 ἄχθος
282 1804 346 1882 (frg.
370 1805 432 1881 34).
1198 1864 1202 1873 .

254 1901 311 1960 Sed
338 1903 409 1962 haec
434 1903 549 1973 quidem
568 1903 678 1962 leviora
697 1903 861 1972 videantur,
893 1904 918 1961 ei
939 1920 1003 1962 cum
1024 1903 1088 1961 aliis
1109 1901 1283 1961 Heraclidae

173 2001 336 2073 praeceptis
357 1999 548 2074 conferantur,
572 2002 620 2059 obi
641 2004 728 2061 miras
748 2019 782 2061 ac
801 2018 892 2075 paene
912 2002 1094 2061 incredibiles
1115 2001 1282 2060 affectiones

174 2098 345 2157 constitutas
365 2098 499 2157 videmus.
532 2099 563 2156 in
583 2099 681 2157 multis
700 2099 851 2158 verborum
871 2098 970 2157 formis
990 2099 1076 2172 pluro
1095 2096 1174 2174 πύθη
1188 2098 1280 2157 inesse

174 2195 272 2254 doonit
298 2213 332 2255 ao
356 2195 486 2269 singulas
506 2197 678 2257 mutationes
698 2214 754 2257 non
774 2213 917 2268 nunquam
937 2197 973 2256 ad
994 2197 1121 2256 diversas
1143 2196 1282 2259 dialectos

173 2294 333 2366 revocavit,
368 2298 402 2351 nt
431 2294 468 2353 ad
498 2311 583 2352 unam
613 2294 733 2353 formam
759 2295 955 2367 explicandam
975 2310 1061 2368 saepe
1081 2293 1166 2352 varia
1185 2291 1281 2353 παθῶν

174 2405 284 2464 genera
304 2395 334 2449 et
352 2392 450 2464 plores
471 2391 608 2450 dialectos
621 2391 777 2450 adhiberet
810 2393 927 2450 verbum
940 2390 1032 2450 πέσσω
1046 2407 1080 2450 er
1095 2391 1190 2450 altera
1202 2389 1281 2449 verbi

173 2486 266 2546 iorma
286 2487 380 2546 πέσσω
401 2486 441 2545 ἴστ’
460 2493 571 2546 mutato
591 2489 621 2546 in
641 2488 676 2546 ’σα
689 2492 782 2547 ortum
796 2489 922 2562 potavit3
945 2489 1045 2547 eadem
1058 2488 1172 2547 ratione
1186 2486 1279 2547 ἑνίσσω

172 2585 209 2644 ab
230 2583 328 2643 ἐνέστω
349 2589 379 2643 et
398 2582 513 2661 ύσσσμαι
533 2587 569 2643 ab
583 2583 659 2644 ὄστω
676 2586 822 2658 derivavit,
845 2587 1031 2644 mutationem
1041 2585 1192 2644 Aeolicam
1212 2601 1280 2643 nun·

173 2683 290 2755 cupavit
309 2682 376 2760 (frg.
401 2683 459 2758 17).
490 2698 612 2754 quorum
631 2683 670 2742 ad
689 2684 903 2743 similitudinem
923 2682 1049 2742 mirabili
1059 2683 1184 2756 quodam
1197 2682 1279 2741 modo

172 2779 291 2838 verbum
322 2778 425 2838 λεύσσω
452 2780 594 2839 derivavit
617 2798 636 2839 a
656 2780 759 2858 plico:
793 2798 809 2839 e
828 2781 915 2840 verbo
936 2781 1011 2840 enim
1031 2778 1158 2858 ἀβλεπτῶ
1179 2796 1279 2839 novam

172 2877 255 2937 verbi
285 2877 376 2956 βλέπω
407 2875 527 2936 formam
551 2877 634 2936 finxit
660 2877 778 2954 βλέπτω,
812 2878 878 2936 hinc
897 2878 974 2951 apud
994 2879 1100 2939 Aeoles
1123 2877 1190 2937 fieri
1210 2877 1281 2937 dixit

172 2975 286 3053 βλέσαω,
307 2980 368 3033 tum
389 2975 512 3053 ἀποβολῇ
531 2974 729 3052 reddituoso,
752 2976 872 3047 denique
882 2976 1046 3052 πλεονασμῷ
1065 2976 1115 3033 τοῖν
1126 2978 1154 3034 B
1168 2972 1284 3034 λεύσσω,

171 3074 374 3132 formationem
404 3073 485 3133 verbi
515 3071 620 3132 ἐλαύνω
652 3090 668 3132 e
693 3073 785 3132 tribus
807 3073 936 3132 dialectis
956 3073 1105 3146 repetivit:
1129 3073 1281 3131 Boeotium

172 3187 238 3231 esser
264 3173 381 3230 verbum
414 3170 503 3240 ἐλάω,
534 3171 601 3229 hino
619 3170 740 3229 Aeolico
765 3171 928 3243 pleonasmo
949 3172 996 3228 τσύ
1017 3172 1034 3228 d
1054 3169 1119 3228 fieri
1140 3168 1231 3231 έλαύω
1252 3174 1281 3228 et

172 3269 279 3328 Dorico
299 3269 463 3342 pleonasmo
483 3269 531 3327 τού
552 3269 566 3324 ν
588 3265 693 3326 ἐλαύνω
716 3266 782 3341 (drg.
805 3266 866 3342 20).
898 3267 1028 3326 similiter
1048 3266 1281 3345 verbumipecod

173 3366 340 3437 explicavit:
363 3382 399 3423 ex
419 3363 488 3442 ἐρέω
509 3365 597 3423 verbo
618 3364 770 3423 Homerico
791 3381 813 3423 s.
836 3364 932 3423 Ionico
953 3364 1030 3436 apud
1047 3364 1153 3424 Aeoles
1173 3363 1281 3424 iactum

172 3479 235 3522 esse
267 3461 368 3541 ἐρεύω,
400 3467 461 3521 tnm
486 3463 593 3522 Dorico
623 3463 786 3536 pleonasmo
816 3462 864 3520 τοῦ
884 3460 903 3516 ν
927 3460 1029 3538 {pecori
1050 3461 1118 3537 (frg.
1143 3462 1206 3538 21).
1247 3477 1281 3520 ex

172 3561 272 3619 Ionum
287 3567 316 3618 et
328 3561 515 3620 Boeotiorum
535 3560 664 3618 dialectis
684 3559 803 3618 verbum
817 3557 906 3637 ὀρσύω
926 3549 1057 3631 repetiit:
1079 3558 1198 3619 Ionicae
1219 3559 1280 3619 dia·

171 3657 240 3716 lecti
264 3658 413 3732 proprium
434 3674 496 3717 esse
515 3673 597 3716 usum
618 3655 810 3730 amplificandi
828 3657 918 3714 verba
937 3655 1080 3728 berytona
1100 3661 1131 3714 et
1150 3658 1280 3731 perispo·

244 3890 266 3960 ¹)
284 3887 317 3945 ci
336 3887 460 3945 Ariston.
479 3888 505 3946 A
524 3888 584 3944 168.
603 3885 627 3941 Η
646 3887 672 3945 5.
706 3885 729 3942 P
749 3887 808 3943 658.
844 3884 983 3958 ἐπέπληγον
1001 3900 1052 3954 pro
1071 3886 1281 3956 plusquamper-

172 3977 244 4034 fecto
264 3977 390 4048 accipera
408 3976 469 4033 vnit
487 3976 598 4034 curtius
616 3974 697 4033 Verb.
715 3975 742 4031 Π
760 3975 802 4031 24„

243 4067 267 4137 ²)
291 4066 326 4122 de
352 4066 445 4122 littera
461 4055 491 4120 'd
511 4065 542 4120 in
559 4062 676 4118 adrasto
700 4064 827 4120 similiter
843 4060 948 4118 iudicat
966 4059 1078 4117 curtius
1096 4062 1203 4134 lltym.⁵
1220 4062 1282 4118 Μ.

171 4154 252 4212 Verb.
270 4155 284 4212 1
302 4157 364 4213 273.
381 4155 443 4212 282.
