2722 4628
451 1321 786 1434 Praefatio.

569 1563 673 1571 ..—

74 1709 160 1830 Cum
179 1772 300 1844 primum
320 1771 357 1830 ad
369 1771 515 1830 Eustathii
528 1777 658 1831 auctores
671 1773 846 1845 indagandos
863 1789 1016 1846 eorumque
1033 1775 1168 1847 reliquias

72 1869 212 1927 eruendas
225 1869 339 1941 accessi,
355 1870 479 1927 animum
497 1871 637 1943 inprimis
651 1871 775 1928 advertit
787 1871 954 1929 Heraclides
966 1873 1169 1944 grammaticus

72 1965 234 2037 frequenter
259 1967 294 2024 ab
319 1966 471 2024 Eustathio
500 1967 645 2024 laudatus:
676 1983 759 2039 quem
790 1983 853 2025 cum
884 1966 1042 2040 fragmenta
1072 1969 1167 2042 perlu-

72 2068 206 2122 strassem
228 2062 344 2137 dignum
364 2079 426 2121 esse
451 2079 517 2120 mox
540 2064 610 2120 mihi
635 2065 777 2136 persuasi,
810 2065 890 2123 cuius
919 2066 1055 2123 memoria
1078 2082 1169 2138 paene

72 2161 238 2218 oblitterata
257 2161 484 2219 resuscitaretur.
525 2166 688 2234 susceperat
708 2162 739 2219 id
759 2162 873 2233 quidem
893 2167 960 2220 ante
980 2164 1032 2220 hos
1051 2163 1169 2236 triginta

73 2273 161 2316 annos
181 2257 344 2318 Fridericus
364 2258 473 2325 Osann,
505 2259 553 2330 qni
573 2259 603 2315 in
623 2258 823 2330 Quaestionum
844 2259 1059 2318 Homerioarum
1078 2260 1168 2331 parti-

72 2355 143 2414 onlis
162 2355 207 2413 ΙΠ
227 2360 256 2414 et
275 2355 318 2415 IV
338 2356 424 2432 (Giss.
449 2357 534 2415 1853.
558 2355 647 2430 1854)
669 2356 704 2414 de
728 2355 881 2414 Heraclide
909 2357 1023 2429 scripsit
1053 2357 1168 2429 eiusque

73 2452 234 2526 fragmenta
255 2452 343 2510 edidit
363 2453 410 2511 vel
430 2453 525 2525 potius
546 2453 731 2512 abscondidit.
773 2452 823 2511 sed
852 2453 901 2511 ille
931 2453 1102 2512 coniecturis
1133 2453 1168 2512 de

72 2566 194 2623 persona
214 2554 242 2609 et
265 2551 378 2623 scriptis
398 2551 573 2610 Heraclidae
596 2550 754 2610 falsissimis
779 2550 900 2624 prolatis
930 2567 992 2610 rem
1021 2566 1077 2608 non
1106 2556 1166 2610 tam

71 2648 227 2706 illustravit
246 2665 331 2720 quam
352 2647 491 2720 confudit,
523 2648 553 2705 in
574 2647 690 2706 edendis
710 2653 805 2706 autem
824 2647 951 2719 reliqniis
971 2663 1080 2706 summa
1098 2664 1168 2706 usus

73 2749 117 2803 est
130 2745 319 2818 neglegentia.
350 2745 419 2804 satis
439 2746 512 2803 enim
532 2745 632 2803 babuit
650 2743 808 2817 fragmenta
822 2761 856 2802 ex
870 2743 1021 2803 Eustathio
1035 2743 1097 2819 (ubi
1110 2760 1166 2802 non

71 2858 161 2914 panca
183 2842 344 2917 praeteriit)
366 2842 522 2914 ceterisque
541 2840 666 2900 fontibus
685 2842 761 2900 nuda
784 2841 978 2913 descripsisse:
1001 2841 1038 2899 ad
1072 2857 1167 2898 emen·

73 2940 166 2998 danda
195 2940 246 2998 illa
276 2945 326 2998 aut
356 2940 525 3011 explicanda
548 2939 620 2997 nihil
645 2939 777 3011 contulit,
808 2939 948 2997 rationem
971 2954 1007 3011 ne
1031 2935 1168 2995 Ahrensii

72 3037 185 3108 quidem
205 3037 313 3103 habuit,
340 3038 389 3110 qui
410 3037 471 3094 fere
491 3037 585 3095 omnia
604 3035 763 3110 fragmenta
782 3036 953 3094 Heraclidae
973 3035 1010 3093 ad
1030 3035 1167 3093 dialecto-

72 3135 177 3208 logiam
207 3134 380 3207 pertinentia
410 3135 440 3191 in
468 3135 543 3192 libro
573 3151 656 3206 quem
687 3133 802 3206 scripsit
831 3133 865 3191 de
896 3132 1025 3190 dialectis
1051 3131 1167 3190 Graecis

72 3232 197 3290 maxima
215 3237 249 3290 nt
269 3232 377 3291 solebat
397 3232 526 3290 sollertia
546 3232 722 3291 adhibuerat.
756 3246 905 3302 quaecum
923 3229 965 3288 ita
984 3234 1085 3301 essent,
1106 3245 1167 3288 rem

72 3329 109 3387 ab
130 3329 242 3388 Osanno
263 3334 421 3402 susceptam
442 3331 532 3387 denuo
553 3334 680 3387 tractare
699 3327 843 3399 constitui,
864 3325 1021 3399 fragmenta
1038 3326 1167 3384 Heracli-

73 3425 127 3483 dae
149 3427 282 3501 oolligere
302 3428 391 3500 coepi,
418 3427 538 3486 collecta
558 3426 683 3499 disposui
702 3430 787 3497 atque
807 3425 955 3483 emendare
976 3428 1005 3481 et
1025 3424 1167 3495 explicare

71 3523 167 3582 studui
188 3525 385 3597 comparandis
410 3525 562 3597 praecipue
588 3540 651 3582 cum
678 3524 798 3581 alimum
828 3521 1075 3595 grammaticorum
1105 3525 1165 3578 tum

70 3621 192 3679 maxime
222 3621 282 3679 eius
311 3622 447 3694 reliquiis,
478 3621 558 3680 ouius
587 3619 663 3678 lama
686 3619 762 3693 apud
786 3619 932 3692 sequiores
957 3622 986 3675 et
1010 3617 1166 3675 auotoritas

71 3718 234 3776 obscuravit
253 3734 436 3791 quaecunque
456 3718 615 3792 superiores
635 3717 666 3775 in
679 3721 741 3775 arte
754 3715 940 3788 grammatica
953 3715 1164 3787 praestiterant.

70 3816 237 3876 Herodiani.
277 3817 333 3889 ipsi
353 3814 574 3889 fragmentorum
594 3813 752 3872 collectioni
773 3828 828 3869 uon
857 3812 936 3869 nulla
955 3811 1166 3883 praemittenda

70 3919 136 3973 suut
157 3914 193 3972 de
213 3913 384 3973 Heraclidae
408 3913 468 3971 vita
492 3912 661 3985 scriptisque
682 3913 712 3968 et
732 3909 869 3968 doctrina.
910 3925 994 3981 quam
1013 3907 1165 3981 praelatio-

69 4027 135 4069 nem
155 4011 253 4083 paucis
272 4028 318 4070 me
337 4010 484 4069 absolvere
503 4026 587 4083 posse
606 4009 701 4080 video,
733 4007 799 4080 quia
823 4022 890 4078 pars
910 4021 1008 4063 eorum
1027 4020 1100 4076 qnae
1119 4003 1166 4060 hic

70 4111 235 4171 dissermda
255 4116 337 4169 erant
357 4124 431 4166 nuno
450 4108 543 4180 ipsum
562 4105 632 4163 mihi
653 4107 861 4177 praeoccupata
881 4107 934 4162 est.
973 4101 1070 4159 libello
1091 4100 1165 4158 onim

977 4199 991 4250 l
