2722 4628
653 414 869 476 „14-

208 621 352 679 codicibus
378 620 640 681 vindobonensibus
670 628 814 695 tamquam
834 624 1075 700 Herodianeum¹)
1096 625 1140 683 La
1160 627 1258 684 Roohe
1282 627 1311 683 in

207 722 420 791 programmate
441 735 534 792 gymn.
555 720 635 777 acad.
657 718 741 778 Vind.
763 737 789 779 a.
814 718 932 795 1863¹);
960 726 1055 779 exstat
1075 721 1195 792 denique
1216 723 1246 779 in
1266 739 1310 782 co-

208 814 270 873 diee
289 814 419 874 Parisino
447 817 525 875 2600
546 815 594 891 (cf.
616 816 711 876 Onam.
733 817 772 877 A.
793 817 828 878 P.
850 817 881 876 H
904 818 982 893 116).
1025 826 1190 891 excerptum
1211 837 1229 877 a
1248 837 1311 878 ma-

207 910 299 984 gistro
319 913 479 985 Byzantius
511 914 634 984 quodam
661 915 851 986 conscriptum
872 916 999 975 eontinet
1018 917 1197 987 quaestiones
1219 925 1249 976 et
1268 935 1311 975 re·

208 1027 311 1082 sponsa
332 1010 366 1068 de
386 1010 559 1069 formatione
580 1011 730 1070 verborum
750 1013 926 1083 quorundam
947 1011 1106 1071 difficilium
1126 1015 1207 1072 velut
1227 1013 1310 1072 πάθεν

207 1107 237 1164 τὸ
259 1106 378 1177 στένδως
411 1107 511 1166 11τοῦ
533 1107 632 1166 casido
653 1113 712 1168 κτλ.
733 1109 829 1167 omnia
849 1125 922 1181 quae
942 1110 984 1167 ibi
1003 1111 1137 1183 leguntur
1158 1128 1194 1169 ex
1214 1111 1312 1170 Hera-

199 1204 300 1262 clidae
312 1204 385 1261 libro
400 1204 460 1281 περὶ
474 1203 621 1264 δυσκλίτων
637 1204 765 1282 ῥημάτων
779 1203 962 1282 fluxerunt⁸):
985 1224 1050 1264 nam
1064 1209 1177 1281 singula
1190 1210 1313 1268 redeunt

206 1302 282 1373 apud
301 1301 483 1360 Eustathium
503 1302 533 1359 in
553 1302 718 1375 fragmentis
736 1304 924 1362 Heraclideis.
956 1308 1041 1375 atque
1061 1321 1124 1363 eum
1146 1313 1312 1378 excerptum

204 1398 277 1455 illnd
296 1399 419 1458 indicem
438 1399 505 1457 libri
523 1399 690 1459 Heraclidei
710 1418 745 1458 ex
766 1418 821 1472 quo
842 1402 1026 1474 compilatum
1040 1409 1084 1460 est
1097 1420 1167 1474 prae
1181 1421 1211 1462 11
1225 1404 1311 1475 ferat,

204 1497 299 1554 omnia
318 1495 477 1569 fragmenta
489 1498 680 1555 Eustathiana
700 1499 801 1569 quibus
821 1498 910 1557 verba
930 1504 1093 1557 tractantur
1113 1501 1144 1558 in
1162 1501 1214 1574 illo
1235 1517 1311 1560 eom-

204 1598 362 1652 memorata
381 1596 449 1667 quin
471 1612 506 1653 ex
526 1596 600 1654 libro
620 1595 681 1673 περ)
702 1595 849 1655 δυσκλίτων
864 1595 994 1673 ῥημάτων
1015 1597 1157 1670 descripta
1176 1600 1235 1657 sint
1248 1617 1311 1658 mea

205 1693 319 1764 quidem
338 1693 480 1752 sententia
501 1692 624 1751 dubitari
643 1695 750 1764 nequit.
786 1711 842 1765 qua
861 1695 972 1752 ratione
986 1697 1215 1765 quattuordecim
1229 1696 1310 1770 frag-

205 1796 302 1848 menta
322 1791 359 1848 ad
379 1791 455 1848 hunc
474 1791 578 1848 librum
599 1791 748 1849 referenda
768 1797 833 1850 sunt
854 1791 922 1868 (frg.
949 1793 1074 1851 16-20.
1107 1794 1237 1851 22-25.’
1262 1796 1309 1852 27.

204 1887 252 1946 28.
267 1885 408 1961 30-32).
440 1892 526 1959 atque
540 1888 639 1946 eodem
653 1887 710 1946 alia
719 1890 858 1959 quaedam
868 1887 1027 1961 fragrnenta
1036 1890 1180 1962 pertinere
1190 1887 1311 1963 propter

203 1990 434 2054 argumentorum
455 1985 669 2044 similitudinem
688 1985 772 2044 facile
794 1987 980 2059 intellegitur.
1014 2003 1066 2044 nee
1079 1987 1171 2046 minus
1185 1989 1260 2047 libro
1275 1989 1310 2048 de

203 2080 299 2138 verbis
325 2082 463 2140 anomalis
484 2082 561 2158 (narn
584 2084 625 2140 sic
645 2083 772 2142 breviter
792 2084 907 2140 titulum
928 2083 988 2160 περὶ
1009 2082 1156 2143 δυσκλίτων
1178 2085 1309 2162 ῥημάτων

202 2177 388 2250 interpretari
407 2179 489 2255 licet)
513 2181 714 2239 adnotamenta
735 2198 769 2239 ea
789 2198 861 2252 quae
881 2181 1051 2239 Eustathius
1072 2182 1107 2239 de
1128 2183 1225 2240 multis
1246 2201 1309 2242 ver-

201 2277 302 2334 borum
322 2277 352 2334 in
372 2277 403 2354 μι
424 2279 524 2337 formis
545 2279 720 2351 explicandis
740 2281 786 2337 111
806 2279 967 2337 derivandis
987 2296 1022 2336 ex
1035 2278 1191 2337 Heraclide
1211 2297 1309 2339 serva-

201 2376 244 2433 vit
263 2377 415 2434 tribuenda
435 2393 496 2435 esse
515 2394 681 2450 persuasum
701 2378 801 2434 habeo.
833 2377 862 2433 in
876 2377 979 2446 quibus
992 2375 1162 2450 fragmentis
1176 2378 1308 2436 omnibus

201 2474 346 2531 rarissime
365 2475 472 2546 aliquid
486 2475 521 2532 de
535 2474 670 2546 prosodia
682 2489 784 2531 vocum
798 2475 959 2543 adnotatur,
981 2491 1090 2532 summa
1104 2475 1308 2547 disputationis

202 2577 334 2629 versatur
354 2572 385 2629 11
405 2572 525 2644 singulis
545 2572 696 2629 verborum
716 2571 815 2629 formis
836 2571 1005 2644 derivandis,
1027 2573 1056 2628 in
1077 2570 1256 2631 formationis
1277 2578 1308 2631 et

201 2667 399 2728 declinationis
430 2668 580 2727 verborum
611 2669 723 2741 legibus
755 2670 958 2727 constituendis
984 2687 1017 2728 11
1036 2671 1117 2728 vitiis
1137 2671 1307 2741 quibusdam

202 2767 386 2838 castigandis.
417 2767 475 2824 iarn
495 2766 575 2824 vides
596 2782 651 2835 quo
671 2766 735 2823 iure
754 2765 940 2823 Eustathium
960 2767 1085 2838 plurima
1105 2768 1269 2840 fragmenta
1291 2785 1307 2827 e

199 2861 339 2920 Prosodia
353 2862 505 2921 Catholica
525 2863 710 2935 descripsisse
725 2863 819 2921 Osann
840 2867 869 2921 ct
881 2863 959 2935 Frye
980 2865 1188 2925 contenderint.
1219 2866 1306 2923 immo

199 2976 266 3018 vero
291 2962 381 3018 multo
407 2961 501 3018 rarius
521 2961 601 3017 illam
621 2962 650 3017 in
670 2978 751 3018 usum
773 2961 888 3019 vocavit
907 2960 1074 3019 Eustathius
1094 2977 1180 3031 quam
1200 2963 1307 3020 librum

199 3056 261 3133 περὶ
281 3057 429 3117 δυσκλίτων
449 3056 589 3134 ῥημάτων.
622 3062 707 3130 atque
721 3058 751 3115 id
765 3062 918 3132 propterea
931 3056 1037 3115 lactum
1051 3075 1112 3116 1111
1126 3059 1304 3132 crediderim,

199 3155 274 3225 quod
294 3155 397 3212 librum
421 3154 482 3233 cepi
502 3154 651 3232 καθολικῆς
672 3153 824 3232 προσῳδίας
843 3172 901 3213 non
921 3157 979 3213 iam
999 3156 1140 3228 integrum
1160 3157 1305 3227 habuerit,

197 3252 249 3309 sed
275 3252 377 3324 exigua
397 3257 507 3309 tantum
529 3260 673 3324 excerpta.
716 3252 822 3310 etenim
842 3253 999 3310 Herodiani
1019 3252 1092 3309 liber
1112 3254 1306 3325 amplissimus

198 3347 260 3426 περὶ
280 3348 429 3426 καθολικῆς
448 3347 599 3427 προσῳδίας
619 3350 700 3408 brevi
720 3354 831 3407 tantam
850 3355 949 3407 nactus
963 3353 1026 3406 erat
1039 3350 1249 3422 auctoritatem,
1270 3359 1305 3411 ut

199 3453 358 3504 ceterorum
377 3448 627 3520 grammaticorum
648 3462 735 3519 opera
755 3446 882 3505 eiusdem
901 3447 1011 3518 generis
1032 3446 1116 3518 plane
1137 3448 1304 3508 detruderet

290 3615 312 3683 ¹)
332 3615 415 3669 etiarn
427 3614 511 3670 Lentu
531 3616 660 3682 excerpta
676 3613 725 3668 illa
739 3630 773 3668 ex
782 3613 932 3668 Herodiani
944 3612 1013 3668 libro
1026 3603 1084 3684 περὶ
1093 3611 1183 3666 παθῶν
1197 3615 1302 3671 hausta

197 3702 305 3771 putavit
322 3703 408 3769 (Anu.
427 3702 494 3771 phil.
513 3704 557 3771 91,
577 3704 647 3770 186).

174 3782 177 3789 ’
286 3791 308 3859 ²)
327 3791 378 3846 hoc
396 3807 570 3861 programma
588 3792 656 3845 mihi
673 3791 810 3860 inspicere
828 3807 885 3845 non
902 3790 986 3847 deuii.

200 3929 203 3936 .
285 3879 309 3949 ι)
327 3879 552 3934 adnotamentum
571 3878 605 3933 de
622 3880 749 3953 μηνώσκω
768 3878 964 3947 (11111Δᾱο1
983 3878 1002 3935 l.
1020 3878 1094 3934 2011)
1109 3905 1143 3924 =
1162 3881 1206 3936 let.
1228 3880 1300 3938 dud.

197 3968 258 4036 661,
275 3969 321 4035 48)
340 3985 396 4023 111
414 3969 560 4036 genuinam
577 3968 669 4038 prodit
686 3968 848 4024 Heraclidae
866 3968 1032 4024 doctrinam:
1056 3968 1218 4037 compilator
1236 3985 1296 4027 eam

197 4072 258 4111 cum
277 4056 428 4112 Herodiani
446 4057 491 4111 vel
509 4055 692 4113 Choerobosci
711 4056 880 4112 derivatione
898 4056 1036 4126 conflavit,
1054 4073 1125 4128 qnae
1135 4058 1296 4129 Byzantinis

196 4145 288 4200 notior
305 4144 358 4199 luit
376 4144 421 4210 (cf.
442 4143 493 4214 1111.
512 4146 568 4214 28).
603 4178 606 4184 -
