<?xml version="1.0" encoding="UTF-8"?>
<!DOCTYPE html PUBLIC "-//W3C//DTD XHTML 1.0 Transitional//EN"
    "http://www.w3.org/TR/xhtml1/DTD/xhtml1-transitional.dtd">
<html xmlns="http://www.w3.org/1999/xhtml" xml:lang="en" lang="en">
 <head>
  <title>
</title>
<meta http-equiv="Content-Type" content="text/html;charset=utf-8" />
  <meta name='ocr-system' content='tesseract 3.04.00' />
  <meta name='ocr-capabilities' content='ocr_page ocr_carea ocr_par ocr_line ocrx_word'/>
</head>
<body>
  <div class='ocr_page' id='page_1' title='image "./deheraclidemile00cohngoog_0023.png"; bbox 0 0 2722 4628; ppageno 0'>
   <div class='ocr_carea' id='block_1_1' title="bbox 638 402 856 464">
    <p class='ocr_par' dir='ltr' id='par_1_1' title="bbox 638 402 856 464">
     <span class='ocr_line' id='line_1_1' title="bbox 638 402 856 464; baseline 0.018 -17"><span class='ocrx_word' id='word_1_1' title='bbox 638 402 856 464; x_wconf 74' lang='grc'><strong>,16-</strong></span> 
     </span>
    </p>
   </div>
   <div class='ocr_carea' id='block_1_2' title="bbox 189 610 1305 3796">
    <p class='ocr_par' dir='ltr' id='par_1_2' title="bbox 189 610 1303 3604">
     <span class='ocr_line' id='line_1_2' title="bbox 196 610 1297 685; baseline 0.001 -15"><span class='ocrx_word' id='word_1_2' title='bbox 196 612 242 671; x_wconf 89' lang='lat' dir='ltr'><strong>vel</strong></span> <span class='ocrx_word' id='word_1_3' title='bbox 272 610 454 670; x_wconf 88' lang='lat' dir='ltr'><strong>distinctione</strong></span> <span class='ocrx_word' id='word_1_4' title='bbox 482 611 525 669; x_wconf 91' lang='lat' dir='ltr'><strong>ita</strong></span> <span class='ocrx_word' id='word_1_5' title='bbox 554 611 773 685; x_wconf 70' lang='lat' dir='ltr'>conglutinavit,</span> <span class='ocrx_word' id='word_1_6' title='bbox 804 618 838 670; x_wconf 94' lang='lat' dir='ltr'><strong>ut</strong></span> <span class='ocrx_word' id='word_1_7' title='bbox 863 611 932 682; x_wconf 91' lang='grc'><strong>6611</strong></span> <span class='ocrx_word' id='word_1_8' title='bbox 959 611 1026 671; x_wconf 90' lang='lat' dir='ltr'><strong>huic</strong></span> <span class='ocrx_word' id='word_1_9' title='bbox 1044 612 1113 684; x_wconf 91' lang='grc'><strong>6611</strong></span> <span class='ocrx_word' id='word_1_10' title='bbox 1132 611 1176 670; x_wconf 92' lang='lat' dir='ltr'><strong>illi</strong></span> <span class='ocrx_word' id='word_1_11' title='bbox 1197 611 1297 672; x_wconf 87' lang='lat' dir='ltr'><strong>debeat</strong></span> 
     </span>
     <span class='ocr_line' id='line_1_3' title="bbox 196 708 1297 783; baseline 0.002 -15"><span class='ocrx_word' id='word_1_12' title='bbox 196 709 330 783; x_wconf 79' lang='lat' dir='ltr'>scriptori</span> <span class='ocrx_word' id='word_1_13' title='bbox 360 709 521 782; x_wconf 74' lang='lat' dir='ltr'><strong>perspicere</strong></span> <span class='ocrx_word' id='word_1_14' title='bbox 553 725 586 767; x_wconf 92' lang='lat' dir='ltr'><strong>ao</strong></span> <span class='ocrx_word' id='word_1_15' title='bbox 617 709 773 768; x_wconf 88' lang='lat' dir='ltr'><strong>diiudicare</strong></span> <span class='ocrx_word' id='word_1_16' title='bbox 794 725 852 767; x_wconf 93' lang='lat' dir='ltr'><strong>non</strong></span> <span class='ocrx_word' id='word_1_17' title='bbox 871 725 1014 781; x_wconf 84' lang='lat' dir='ltr'><strong>nunquam</strong></span> <span class='ocrx_word' id='word_1_18' title='bbox 1033 710 1072 767; x_wconf 89' lang='lat' dir='ltr'><strong>sit</strong></span> <span class='ocrx_word' id='word_1_19' title='bbox 1091 708 1297 770; x_wconf 87' lang='lat' dir='ltr'><strong>difficillimum.</strong></span> 
     </span>
     <span class='ocr_line' id='line_1_4' title="bbox 195 790 1295 879; baseline 0.002 -14"><span class='ocrx_word' id='word_1_20' title='bbox 195 823 229 866; x_wconf 89' lang='lat' dir='ltr'><strong>ac</strong></span> <span class='ocrx_word' id='word_1_21' title='bbox 248 807 339 864; x_wconf 86' lang='lat' dir='ltr'><strong>Lentu</strong></span> <span class='ocrx_word' id='word_1_22' title='bbox 359 806 472 876; x_wconf 86' lang='lat' dir='ltr'><strong>quidem</strong></span> <span class='ocrx_word' id='word_1_23' title='bbox 492 807 547 864; x_wconf 90' lang='lat' dir='ltr'><strong>etsi</strong></span> <span class='ocrx_word' id='word_1_24' title='bbox 565 823 667 878; x_wconf 82' lang='lat' dir='ltr'><strong>magna</strong></span> <span class='ocrx_word' id='word_1_25' title='bbox 687 806 836 877; x_wconf 83' lang='lat' dir='ltr'><strong>diligentia</strong></span> <span class='ocrx_word' id='word_1_26' title='bbox 857 811 887 865; x_wconf 91' lang='lat' dir='ltr'><strong>et</strong></span> <span class='ocrx_word' id='word_1_27' title='bbox 906 790 1061 879; x_wconf 82' lang='lat' dir='ltr'><strong>sagacitate</strong></span> <span class='ocrx_word' id='word_1_28' title='bbox 1084 807 1115 865; x_wconf 92' lang='lat' dir='ltr'><strong>in</strong></span> <span class='ocrx_word' id='word_1_29' title='bbox 1135 806 1295 867; x_wconf 72' lang='lat' dir='ltr'><strong>Haedum</strong></span> 
     </span>
     <span class='ocr_line' id='line_1_5' title="bbox 196 903 1298 979; baseline 0.003 -18"><span class='ocrx_word' id='word_1_30' title='bbox 196 903 327 961; x_wconf 91' lang='lat' dir='ltr'><strong>doctrina</strong></span> <span class='ocrx_word' id='word_1_31' title='bbox 347 903 472 962; x_wconf 88' lang='lat' dir='ltr'><strong>eruenda</strong></span> <span class='ocrx_word' id='word_1_32' title='bbox 491 920 560 962; x_wconf 93' lang='lat' dir='ltr'><strong>usus</strong></span> <span class='ocrx_word' id='word_1_33' title='bbox 579 908 633 976; x_wconf 88' lang='lat' dir='ltr'><strong>est,</strong></span> <span class='ocrx_word' id='word_1_34' title='bbox 654 903 760 976; x_wconf 87' lang='lat' dir='ltr'><strong>passim</strong></span> <span class='ocrx_word' id='word_1_35' title='bbox 780 907 877 960; x_wconf 89' lang='lat' dir='ltr'><strong>tamen</strong></span> <span class='ocrx_word' id='word_1_36' title='bbox 896 919 953 961; x_wconf 91' lang='lat' dir='ltr'><strong>non</strong></span> <span class='ocrx_word' id='word_1_37' title='bbox 973 904 1045 962; x_wconf 89' lang='lat' dir='ltr'><strong>satis</strong></span> <span class='ocrx_word' id='word_1_38' title='bbox 1065 909 1147 963; x_wconf 90' lang='lat' dir='ltr'><strong>caute</strong></span> <span class='ocrx_word' id='word_1_39' title='bbox 1160 921 1250 979; x_wconf 85' lang='lat' dir='ltr'><strong>agens</strong></span> <span class='ocrx_word' id='word_1_40' title='bbox 1262 921 1298 964; x_wconf 86' lang='lat' dir='ltr'><strong>ex</strong></span> 
     </span>
     <span class='ocr_line' id='line_1_6' title="bbox 189 1000 1297 1082; baseline 0.001 -23"><span class='ocrx_word' id='word_1_41' title='bbox 189 1001 394 1082; x_wconf 56' lang='lat' dir='ltr'><strong>⁴llpimerismis</strong></span> <span class='ocrx_word' id='word_1_42' title='bbox 423 1002 500 1060; x_wconf 92' lang='lat' dir='ltr'><strong>locos</strong></span> <span class='ocrx_word' id='word_1_43' title='bbox 529 1001 666 1073; x_wconf 86' lang='lat' dir='ltr'><strong>quosdam</strong></span> <span class='ocrx_word' id='word_1_44' title='bbox 696 1000 727 1058; x_wconf 91' lang='lat' dir='ltr'><strong>in</strong></span> <span class='ocrx_word' id='word_1_45' title='bbox 746 1000 904 1058; x_wconf 91' lang='lat' dir='ltr'><strong>Herodiani</strong></span> <span class='ocrx_word' id='word_1_46' title='bbox 933 1001 1068 1072; x_wconf 90' lang='lat' dir='ltr'><strong>reliquias</strong></span> <span class='ocrx_word' id='word_1_47' title='bbox 1087 1001 1216 1075; x_wconf 88' lang='lat' dir='ltr'><strong>recepit,</strong></span> <span class='ocrx_word' id='word_1_48' title='bbox 1248 1001 1297 1074; x_wconf 88' lang='lat' dir='ltr'><strong>qul</strong></span> 
     </span>
     <span class='ocr_line' id='line_1_7' title="bbox 195 1097 1295 1171; baseline 0.002 -15"><span class='ocrx_word' id='word_1_49' title='bbox 195 1098 366 1158; x_wconf 78' lang='lat' dir='ltr'><strong>Heraclidae</strong></span> <span class='ocrx_word' id='word_1_50' title='bbox 385 1098 480 1170; x_wconf 88' lang='lat' dir='ltr'><strong>potius</strong></span> <span class='ocrx_word' id='word_1_51' title='bbox 499 1098 664 1157; x_wconf 87' lang='lat' dir='ltr'><strong>vindicandi</strong></span> <span class='ocrx_word' id='word_1_52' title='bbox 683 1106 756 1156; x_wconf 86' lang='lat' dir='ltr'><strong>sunt</strong></span> <span class='ocrx_word' id='word_1_53' title='bbox 788 1104 821 1156; x_wconf 94' lang='lat' dir='ltr'><strong>ut</strong></span> <span class='ocrx_word' id='word_1_54' title='bbox 846 1114 881 1157; x_wconf 91' lang='lat' dir='ltr'><strong>ea</strong></span> <span class='ocrx_word' id='word_1_55' title='bbox 900 1114 974 1170; x_wconf 86' lang='grc'><strong>6666</strong></span> <span class='ocrx_word' id='word_1_56' title='bbox 992 1099 1047 1170; x_wconf 86' lang='lat' dir='ltr'><strong>Ep.</strong></span> <span class='ocrx_word' id='word_1_57' title='bbox 1069 1097 1147 1156; x_wconf 82' lang='grc'><strong>061</strong></span> <span class='ocrx_word' id='word_1_58' title='bbox 1169 1100 1234 1171; x_wconf 92' lang='grc'><strong>137,</strong></span> <span class='ocrx_word' id='word_1_59' title='bbox 1258 1099 1295 1158; x_wconf 85' lang='grc'><strong>26</strong></span> 
     </span>
     <span class='ocr_line' id='line_1_8' title="bbox 196 1195 1297 1271; baseline 0.002 -18"><span class='ocrx_word' id='word_1_60' title='bbox 196 1195 255 1271; x_wconf 84' lang='grc'><strong>(111</strong></span> <span class='ocrx_word' id='word_1_61' title='bbox 272 1196 331 1268; x_wconf 82' lang='lat' dir='ltr'><strong>Mg.</strong></span> <span class='ocrx_word' id='word_1_62' title='bbox 353 1197 419 1268; x_wconf 98' lang='grc'><strong>302,</strong></span> <span class='ocrx_word' id='word_1_63' title='bbox 443 1196 474 1271; x_wconf 95' lang='grc'><strong>1)</strong></span> <span class='ocrx_word' id='word_1_64' title='bbox 494 1200 524 1254; x_wconf 89' lang='grc'><strong>61</strong></span> <span class='ocrx_word' id='word_1_65' title='bbox 544 1197 611 1268; x_wconf 88' lang='grc'><strong>353,</strong></span> <span class='ocrx_word' id='word_1_66' title='bbox 633 1197 673 1254; x_wconf 90' lang='grc'><strong>24</strong></span> <span class='ocrx_word' id='word_1_67' title='bbox 691 1196 834 1268; x_wconf 80' lang='lat' dir='ltr'><strong>leguntur,</strong></span> <span class='ocrx_word' id='word_1_68' title='bbox 854 1211 927 1265; x_wconf 90' lang='lat' dir='ltr'><strong>quae</strong></span> <span class='ocrx_word' id='word_1_69' title='bbox 946 1195 1037 1254; x_wconf 84' lang='lat' dir='ltr'><strong>Lentu</strong></span> <span class='ocrx_word' id='word_1_70' title='bbox 1057 1195 1216 1255; x_wconf 91' lang='lat' dir='ltr'><strong>Herodiani</strong></span> <span class='ocrx_word' id='word_1_71' title='bbox 1237 1211 1297 1255; x_wconf 88' lang='lat' dir='ltr'><strong>csse</strong></span> 
     </span>
     <span class='ocr_line' id='line_1_9' title="bbox 194 1290 1297 1369; baseline 0.002 -19"><span class='ocrx_word' id='word_1_72' title='bbox 194 1293 310 1366; x_wconf 87' lang='lat' dir='ltr'><strong>putavit</strong></span> <span class='ocrx_word' id='word_1_73' title='bbox 320 1293 364 1368; x_wconf 90' lang='grc' dir='ltr'><strong>(Π</strong></span> <span class='ocrx_word' id='word_1_74' title='bbox 377 1294 444 1360; x_wconf 89' lang='grc'><strong>501,</strong></span> <span class='ocrx_word' id='word_1_75' title='bbox 460 1294 508 1353; x_wconf 87' lang='grc'><strong>24.</strong></span> <span class='ocrx_word' id='word_1_76' title='bbox 523 1293 588 1366; x_wconf 91' lang='grc'><strong>377,</strong></span> <span class='ocrx_word' id='word_1_77' title='bbox 606 1292 645 1367; x_wconf 91' lang='grc'><strong>7),</strong></span> <span class='ocrx_word' id='word_1_78' title='bbox 660 1309 696 1350; x_wconf 84' lang='lat' dir='ltr'><strong>ex</strong></span> <span class='ocrx_word' id='word_1_79' title='bbox 709 1292 864 1350; x_wconf 82' lang='lat' dir='ltr'><strong>Heraclide</strong></span> <span class='ocrx_word' id='word_1_80' title='bbox 878 1290 1023 1351; x_wconf 85' lang='lat' dir='ltr'><strong>fluxerunt</strong></span> <span class='ocrx_word' id='word_1_81' title='bbox 1035 1292 1084 1368; x_wconf 84' lang='lat' dir='ltr'><strong>(ci.</strong></span> <span class='ocrx_word' id='word_1_82' title='bbox 1098 1293 1152 1366; x_wconf 81' lang='lat' dir='ltr'><strong>frg.</strong></span> <span class='ocrx_word' id='word_1_83' title='bbox 1170 1295 1219 1354; x_wconf 92' lang='grc'><strong>16.</strong></span> <span class='ocrx_word' id='word_1_84' title='bbox 1235 1294 1297 1369; x_wconf 80' lang='grc'><strong>17);</strong></span> 
     </span>
     <span class='ocr_line' id='line_1_10' title="bbox 196 1388 1299 1463; baseline 0 -14"><span class='ocrx_word' id='word_1_85' title='bbox 196 1407 233 1450; x_wconf 84' lang='lat' dir='ltr'><strong>ex</strong></span> <span class='ocrx_word' id='word_1_86' title='bbox 253 1391 306 1463; x_wconf 84' lang='lat' dir='ltr'><strong>Ep.</strong></span> <span class='ocrx_word' id='word_1_87' title='bbox 330 1389 377 1450; x_wconf 81' lang='lat' dir='ltr'><strong>Cr.</strong></span> <span class='ocrx_word' id='word_1_88' title='bbox 398 1390 412 1447; x_wconf 97' lang='lat' dir='ltr'>I</span> <span class='ocrx_word' id='word_1_89' title='bbox 433 1392 499 1463; x_wconf 88' lang='grc'><strong>366,</strong></span> <span class='ocrx_word' id='word_1_90' title='bbox 522 1392 560 1449; x_wconf 87' lang='grc'><strong>20</strong></span> <span class='ocrx_word' id='word_1_91' title='bbox 581 1395 611 1448; x_wconf 91' lang='grc'><strong>61</strong></span> <span class='ocrx_word' id='word_1_92' title='bbox 630 1388 678 1449; x_wconf 83' lang='lat' dir='ltr'><strong>nt.</strong></span> <span class='ocrx_word' id='word_1_93' title='bbox 700 1390 759 1462; x_wconf 82' lang='lat' dir='ltr'><strong>Mg.</strong></span> <span class='ocrx_word' id='word_1_94' title='bbox 782 1391 848 1461; x_wconf 87' lang='grc'><strong>667,</strong></span> <span class='ocrx_word' id='word_1_95' title='bbox 871 1391 909 1447; x_wconf 90' lang='grc'><strong>29</strong></span> <span class='ocrx_word' id='word_1_96' title='bbox 928 1389 1020 1448; x_wconf 87' lang='lat' dir='ltr'><strong>Lentz</strong></span> <span class='ocrx_word' id='word_1_97' title='bbox 1033 1390 1225 1462; x_wconf 80' lang='lat' dir='ltr'><strong>fragmentum</strong></span> <span class='ocrx_word' id='word_1_98' title='bbox 1237 1389 1299 1449; x_wconf 88' lang='lat' dir='ltr'><strong>He—</strong></span> 
     </span>
     <span class='ocr_line' id='line_1_11' title="bbox 195 1486 1298 1562; baseline 0.003 -17"><span class='ocrx_word' id='word_1_99' title='bbox 195 1487 362 1546; x_wconf 89' lang='lat' dir='ltr'><strong>rodianeum</strong></span> <span class='ocrx_word' id='word_1_100' title='bbox 382 1489 540 1560; x_wconf 92' lang='lat' dir='ltr'><strong>composuit</strong></span> <span class='ocrx_word' id='word_1_101' title='bbox 561 1488 672 1545; x_wconf 92' lang='lat' dir='ltr'><strong>omnino</strong></span> <span class='ocrx_word' id='word_1_102' title='bbox 686 1486 788 1546; x_wconf 86' lang='lat' dir='ltr'><strong>falsum</strong></span> <span class='ocrx_word' id='word_1_103' title='bbox 804 1487 848 1561; x_wconf 91' lang='lat' dir='ltr'><strong>(II</strong></span> <span class='ocrx_word' id='word_1_104' title='bbox 862 1488 929 1558; x_wconf 89' lang='grc'><strong>265,</strong></span> <span class='ocrx_word' id='word_1_105' title='bbox 945 1487 990 1562; x_wconf 82' lang='grc'><strong>2);</strong></span> <span class='ocrx_word' id='word_1_106' title='bbox 1012 1486 1195 1560; x_wconf 83' lang='lat' dir='ltr'><strong>Epimerismi</strong></span> <span class='ocrx_word' id='word_1_107' title='bbox 1208 1488 1298 1548; x_wconf 84' lang='lat' dir='ltr'><strong>Hera·</strong></span> 
     </span>
     <span class='ocr_line' id='line_1_12' title="bbox 196 1583 1299 1662; baseline 0.002 -20"><span class='ocrx_word' id='word_1_108' title='bbox 196 1585 287 1643; x_wconf 88' lang='lat' dir='ltr'><strong>clidae</strong></span> <span class='ocrx_word' id='word_1_109' title='bbox 312 1585 482 1643; x_wconf 88' lang='lat' dir='ltr'><strong>sententiam</strong></span> <span class='ocrx_word' id='word_1_110' title='bbox 507 1584 655 1651; x_wconf 85' lang='lat' dir='ltr'><strong>exhibent,</strong></span> <span class='ocrx_word' id='word_1_111' title='bbox 687 1588 815 1642; x_wconf 86' lang='lat' dir='ltr'><strong>extrema</strong></span> <span class='ocrx_word' id='word_1_112' title='bbox 835 1589 947 1641; x_wconf 91' lang='lat' dir='ltr'><strong>tantum</strong></span> <span class='ocrx_word' id='word_1_113' title='bbox 966 1584 1054 1642; x_wconf 91' lang='lat' dir='ltr'><strong>verba</strong></span> <span class='ocrx_word' id='word_1_114' title='bbox 1073 1583 1119 1643; x_wconf 81' lang='grc' dir='ltr'><strong>καὶ</strong></span> <span class='ocrx_word' id='word_1_115' title='bbox 1140 1584 1172 1661; x_wconf 90' lang='lat' dir='ltr'><strong>(l.</strong></span> <span class='ocrx_word' id='word_1_116' title='bbox 1193 1583 1224 1662; x_wconf 82' lang='grc' dir='ltr'><strong>ἢ)</strong></span> <span class='ocrx_word' id='word_1_117' title='bbox 1246 1584 1299 1644; x_wconf 80' lang='grc' dir='ltr'><strong>ἀπὸ</strong></span> 
     </span>
     <span class='ocr_line' id='line_1_13' title="bbox 195 1680 1303 1758; baseline 0.001 -17"><span class='ocrx_word' id='word_1_118' title='bbox 195 1683 243 1741; x_wconf 77' lang='grc' dir='ltr'><strong>τοῦ</strong></span> <span class='ocrx_word' id='word_1_119' title='bbox 264 1680 451 1758; x_wconf 62' lang='lat' dir='ltr'><strong>recuruatae:</strong></span> <span class='ocrx_word' id='word_1_120' title='bbox 471 1684 529 1741; x_wconf 85' lang='grc' dir='ltr'><strong>κτλ.</strong></span> <span class='ocrx_word' id='word_1_121' title='bbox 551 1682 588 1739; x_wconf 93' lang='grc'><strong>61</strong></span> <span class='ocrx_word' id='word_1_122' title='bbox 608 1680 770 1739; x_wconf 90' lang='lat' dir='ltr'><strong>Herodiani</strong></span> <span class='ocrx_word' id='word_1_123' title='bbox 791 1681 950 1739; x_wconf 83' lang='lat' dir='ltr'><strong>doctrinam</strong></span> <span class='ocrx_word' id='word_1_124' title='bbox 970 1686 1112 1753; x_wconf 89' lang='lat' dir='ltr'><strong>spectant,</strong></span> <span class='ocrx_word' id='word_1_125' title='bbox 1134 1698 1220 1754; x_wconf 89' lang='lat' dir='ltr'><strong>quam</strong></span> <span class='ocrx_word' id='word_1_126' title='bbox 1239 1687 1303 1742; x_wconf 90' lang='lat' dir='ltr'><strong>tra·</strong></span> 
     </span>
     <span class='ocr_line' id='line_1_14' title="bbox 196 1777 1300 1855; baseline 0.002 -17"><span class='ocrx_word' id='word_1_127' title='bbox 196 1779 384 1852; x_wconf 77' lang='lat' dir='ltr'><strong>ditntmgn.</strong></span> <span class='ocrx_word' id='word_1_128' title='bbox 394 1780 414 1838; x_wconf 94' lang='lat' dir='ltr'><strong>l.</strong></span> <span class='ocrx_word' id='word_1_129' title='bbox 426 1779 475 1855; x_wconf 87' lang='lat' dir='ltr'><strong>(cf.</strong></span> <span class='ocrx_word' id='word_1_130' title='bbox 483 1777 535 1851; x_wconf 78' lang='lat' dir='ltr'><strong>frg.</strong></span> <span class='ocrx_word' id='word_1_131' title='bbox 549 1778 610 1853; x_wconf 87' lang='grc'><strong>30).</strong></span> <span class='ocrx_word' id='word_1_132' title='bbox 622 1779 672 1837; x_wconf 86' lang='grc'><strong>661</strong></span> <span class='ocrx_word' id='word_1_133' title='bbox 681 1780 786 1850; x_wconf 89' lang='lat' dir='ltr'><strong>ubique</strong></span> <span class='ocrx_word' id='word_1_134' title='bbox 797 1783 932 1838; x_wconf 89' lang='lat' dir='ltr'><strong>accurate</strong></span> <span class='ocrx_word' id='word_1_135' title='bbox 942 1779 1115 1852; x_wconf 82' lang='lat' dir='ltr'><strong>distinguere</strong></span> <span class='ocrx_word' id='word_1_136' title='bbox 1128 1780 1300 1840; x_wconf 84' lang='lat' dir='ltr'><strong>Heraclidea</strong></span> 
     </span>
     <span class='ocr_line' id='line_1_15' title="bbox 195 1875 1297 1950; baseline 0 -16"><span class='ocrx_word' id='word_1_137' title='bbox 195 1880 225 1934; x_wconf 92' lang='lat' dir='ltr'><strong>et</strong></span> <span class='ocrx_word' id='word_1_138' title='bbox 237 1876 419 1935; x_wconf 90' lang='lat' dir='ltr'><strong>Herodianea</strong></span> <span class='ocrx_word' id='word_1_139' title='bbox 439 1876 615 1948; x_wconf 85' lang='lat' dir='ltr'><strong>periculosae</strong></span> <span class='ocrx_word' id='word_1_140' title='bbox 636 1877 750 1948; x_wconf 90' lang='lat' dir='ltr'><strong>plenum</strong></span> <span class='ocrx_word' id='word_1_141' title='bbox 764 1891 836 1948; x_wconf 90' lang='lat' dir='ltr'><strong>opus</strong></span> <span class='ocrx_word' id='word_1_142' title='bbox 851 1875 932 1933; x_wconf 89' lang='lat' dir='ltr'><strong>aleae</strong></span> <span class='ocrx_word' id='word_1_143' title='bbox 946 1891 1008 1935; x_wconf 89' lang='lat' dir='ltr'><strong>esse</strong></span> <span class='ocrx_word' id='word_1_144' title='bbox 1021 1875 1123 1949; x_wconf 86' lang='lat' dir='ltr'><strong>fateor,</strong></span> <span class='ocrx_word' id='word_1_145' title='bbox 1144 1876 1170 1936; x_wconf 90' lang='lat' dir='ltr'><strong>si</strong></span> <span class='ocrx_word' id='word_1_146' title='bbox 1183 1877 1297 1950; x_wconf 87' lang='lat' dir='ltr'><strong>quidem</strong></span> 
     </span>
     <span class='ocr_line' id='line_1_16' title="bbox 196 1972 1298 2045; baseline 0.001 -14"><span class='ocrx_word' id='word_1_147' title='bbox 196 1973 377 2032; x_wconf 90' lang='lat' dir='ltr'><strong>Herodianus</strong></span> <span class='ocrx_word' id='word_1_148' title='bbox 396 1973 427 2030; x_wconf 91' lang='grc'><strong>16</strong></span> <span class='ocrx_word' id='word_1_149' title='bbox 446 1974 543 2032; x_wconf 89' lang='lat' dir='ltr'><strong>multis</strong></span> <span class='ocrx_word' id='word_1_150' title='bbox 563 1974 647 2032; x_wconf 92' lang='lat' dir='ltr'><strong>rebus</strong></span> <span class='ocrx_word' id='word_1_151' title='bbox 668 1973 757 2031; x_wconf 90' lang='lat' dir='ltr'><strong>tacite</strong></span> <span class='ocrx_word' id='word_1_152' title='bbox 771 1972 954 2031; x_wconf 86' lang='lat' dir='ltr'><strong>Heraclidem</strong></span> <span class='ocrx_word' id='word_1_153' title='bbox 974 1978 1086 2031; x_wconf 88' lang='lat' dir='ltr'><strong>secutus</strong></span> <span class='ocrx_word' id='word_1_154' title='bbox 1100 1989 1185 2045; x_wconf 91' lang='lat' dir='ltr'><strong>saepe</strong></span> <span class='ocrx_word' id='word_1_155' title='bbox 1199 1973 1298 2032; x_wconf 88' lang='lat' dir='ltr'><strong>eadem</strong></span> 
     </span>
     <span class='ocr_line' id='line_1_17' title="bbox 196 2069 1298 2142; baseline 0.001 -14"><span class='ocrx_word' id='word_1_156' title='bbox 196 2069 302 2129; x_wconf 86' lang='lat' dir='ltr'><strong>docuit.</strong></span> <span class='ocrx_word' id='word_1_157' title='bbox 333 2069 432 2140; x_wconf 87' lang='lat' dir='ltr'><strong>itaque</strong></span> <span class='ocrx_word' id='word_1_158' title='bbox 452 2073 496 2128; x_wconf 91' lang='lat' dir='ltr'><strong>est</strong></span> <span class='ocrx_word' id='word_1_159' title='bbox 515 2071 564 2126; x_wconf 93' lang='lat' dir='ltr'><strong>ubi</strong></span> <span class='ocrx_word' id='word_1_160' title='bbox 577 2069 777 2128; x_wconf 88' lang='lat' dir='ltr'><strong>Heraclideam</strong></span> <span class='ocrx_word' id='word_1_161' title='bbox 791 2069 950 2127; x_wconf 89' lang='lat' dir='ltr'><strong>doctrinam</strong></span> <span class='ocrx_word' id='word_1_162' title='bbox 964 2085 1116 2141; x_wconf 82' lang='lat' dir='ltr'><strong>agnoscere</strong></span> <span class='ocrx_word' id='word_1_163' title='bbox 1129 2085 1221 2142; x_wconf 88' lang='lat' dir='ltr'><strong>neque</strong></span> <span class='ocrx_word' id='word_1_164' title='bbox 1230 2085 1298 2129; x_wconf 84' lang='lat' dir='ltr'><strong>vero</strong></span> 
     </span>
     <span class='ocr_line' id='line_1_18' title="bbox 195 2165 1299 2240; baseline 0.003 -17"><span class='ocrx_word' id='word_1_165' title='bbox 195 2167 289 2240; x_wconf 90' lang='lat' dir='ltr'><strong>ipsum</strong></span> <span class='ocrx_word' id='word_1_166' title='bbox 309 2165 494 2225; x_wconf 87' lang='lat' dir='ltr'><strong>Heraclidem</strong></span> <span class='ocrx_word' id='word_1_167' title='bbox 517 2172 663 2224; x_wconf 85' lang='lat' dir='ltr'><strong>auctorem</strong></span> <span class='ocrx_word' id='word_1_168' title='bbox 683 2165 770 2224; x_wconf 84' lang='lat' dir='ltr'><strong>fuisse</strong></span> <span class='ocrx_word' id='word_1_169' title='bbox 791 2165 936 2224; x_wconf 87' lang='lat' dir='ltr'><strong>affirmare</strong></span> <span class='ocrx_word' id='word_1_170' title='bbox 956 2167 1051 2224; x_wconf 87' lang='lat' dir='ltr'><strong>liceat.</strong></span> <span class='ocrx_word' id='word_1_171' title='bbox 1085 2197 1122 2208; x_wconf 90' lang='lat'>-</span> <span class='ocrx_word' id='word_1_172' title='bbox 1153 2171 1188 2224; x_wconf 94' lang='lat' dir='ltr'><strong>ut</strong></span> <span class='ocrx_word' id='word_1_173' title='bbox 1206 2182 1299 2239; x_wconf 89' lang='lat' dir='ltr'><strong>pauca</strong></span> 
     </span>
     <span class='ocr_line' id='line_1_19' title="bbox 197 2262 1297 2336; baseline 0.001 -15"><span class='ocrx_word' id='word_1_174' title='bbox 197 2262 232 2323; x_wconf 96' lang='grc'><strong>16</strong></span> <span class='ocrx_word' id='word_1_175' title='bbox 257 2264 370 2321; x_wconf 90' lang='lat' dir='ltr'><strong>ratione</strong></span> <span class='ocrx_word' id='word_1_176' title='bbox 391 2264 570 2335; x_wconf 86' lang='grc'><strong>61166666</strong></span> <span class='ocrx_word' id='word_1_177' title='bbox 590 2264 760 2336; x_wconf 86' lang='lat' dir='ltr'><strong>compilator</strong></span> <span class='ocrx_word' id='word_1_178' title='bbox 780 2267 917 2335; x_wconf 86' lang='lat' dir='ltr'><strong>excerpta</strong></span> <span class='ocrx_word' id='word_1_179' title='bbox 936 2278 1008 2334; x_wconf 89' lang='grc'><strong>6666</strong></span> <span class='ocrx_word' id='word_1_180' title='bbox 1028 2262 1130 2322; x_wconf 89' lang='lat' dir='ltr'><strong>habuit</strong></span> <span class='ocrx_word' id='word_1_181' title='bbox 1149 2279 1186 2322; x_wconf 87' lang='lat' dir='ltr'><strong>ex</strong></span> <span class='ocrx_word' id='word_1_182' title='bbox 1206 2263 1297 2322; x_wconf 91' lang='lat' dir='ltr'><strong>Hera-</strong></span> 
     </span>
     <span class='ocr_line' id='line_1_20' title="bbox 197 2349 1299 2432; baseline 0.001 -15"><span class='ocrx_word' id='word_1_183' title='bbox 197 2361 271 2418; x_wconf 89' lang='grc'><strong>61116</strong></span> <span class='ocrx_word' id='word_1_184' title='bbox 292 2361 468 2428; x_wconf 82' lang='lat' dir='ltr'><strong>tractaverit,</strong></span> <span class='ocrx_word' id='word_1_185' title='bbox 489 2364 623 2419; x_wconf 90' lang='lat' dir='ltr'><strong>consueto</strong></span> <span class='ocrx_word' id='word_1_186' title='bbox 644 2375 723 2418; x_wconf 88' lang='lat' dir='ltr'><strong>more</strong></span> <span class='ocrx_word' id='word_1_187' title='bbox 743 2359 970 2432; x_wconf 81' lang='lat' dir='ltr'><strong>Byzantinorum</strong></span> <span class='ocrx_word' id='word_1_188' title='bbox 990 2359 1170 2431; x_wconf 82' lang='lat' dir='ltr'><strong>grammatici</strong></span> <span class='ocrx_word' id='word_1_189' title='bbox 1189 2349 1299 2418; x_wconf 78' lang='grc'><strong>166161-</strong></span> 
     </span>
     <span class='ocr_line' id='line_1_21' title="bbox 197 2456 1297 2530; baseline -0.001 -15"><span class='ocrx_word' id='word_1_190' title='bbox 197 2474 263 2515; x_wconf 88' lang='lat' dir='ltr'><strong>nam</strong></span> <span class='ocrx_word' id='word_1_191' title='bbox 293 2474 377 2529; x_wconf 89' lang='lat' dir='ltr'><strong>saepe</strong></span> <span class='ocrx_word' id='word_1_192' title='bbox 407 2458 536 2530; x_wconf 91' lang='lat' dir='ltr'><strong>corrupit</strong></span> <span class='ocrx_word' id='word_1_193' title='bbox 559 2458 607 2516; x_wconf 86' lang='lat' dir='ltr'><strong>vel</strong></span> <span class='ocrx_word' id='word_1_194' title='bbox 630 2456 712 2515; x_wconf 85' lang='lat' dir='ltr'><strong>falsis</strong></span> <span class='ocrx_word' id='word_1_195' title='bbox 732 2461 761 2515; x_wconf 94' lang='lat' dir='ltr'><strong>et</strong></span> <span class='ocrx_word' id='word_1_196' title='bbox 780 2456 886 2530; x_wconf 92' lang='lat' dir='ltr'><strong>ineptis</strong></span> <span class='ocrx_word' id='word_1_197' title='bbox 907 2456 1107 2515; x_wconf 88' lang='lat' dir='ltr'><strong>additamentis</strong></span> <span class='ocrx_word' id='word_1_198' title='bbox 1128 2456 1297 2529; x_wconf 80' lang='lat' dir='ltr'><strong>inquinavit</strong></span> 
     </span>
     <span class='ocr_line' id='line_1_22' title="bbox 196 2551 1301 2627; baseline 0.001 -16"><span class='ocrx_word' id='word_1_199' title='bbox 196 2559 230 2612; x_wconf 94' lang='lat' dir='ltr'><strong>ut</strong></span> <span class='ocrx_word' id='word_1_200' title='bbox 260 2556 420 2627; x_wconf 87' lang='lat' dir='ltr'><strong>exemplum</strong></span> <span class='ocrx_word' id='word_1_201' title='bbox 451 2553 580 2627; x_wconf 80' lang='lat' dir='ltr'><strong>afferam,</strong></span> <span class='ocrx_word' id='word_1_202' title='bbox 610 2569 683 2626; x_wconf 87' lang='lat' dir='ltr'><strong>quae</strong></span> <span class='ocrx_word' id='word_1_203' title='bbox 702 2553 870 2612; x_wconf 83' lang='lat' dir='ltr'><strong>Heraclides</strong></span> <span class='ocrx_word' id='word_1_204' title='bbox 901 2553 936 2612; x_wconf 93' lang='lat' dir='ltr'><strong>de</strong></span> <span class='ocrx_word' id='word_1_205' title='bbox 966 2552 1157 2612; x_wconf 86' lang='lat' dir='ltr'><strong>litterarumi</strong></span> <span class='ocrx_word' id='word_1_206' title='bbox 1185 2557 1215 2612; x_wconf 94' lang='lat' dir='ltr'><strong>et</strong></span> <span class='ocrx_word' id='word_1_207' title='bbox 1235 2551 1251 2610; x_wconf 73' lang='lat' dir='ltr'><strong>i</strong></span> <span class='ocrx_word' id='word_1_208' title='bbox 1269 2554 1301 2612; x_wconf 91' lang='lat' dir='ltr'><strong>in</strong></span> 
     </span>
     <span class='ocr_line' id='line_1_23' title="bbox 197 2650 1302 2724; baseline -0.001 -15"><span class='ocrx_word' id='word_1_209' title='bbox 197 2651 369 2724; x_wconf 83' lang='lat' dir='ltr'><strong>Argiuorum</strong></span> <span class='ocrx_word' id='word_1_210' title='bbox 401 2650 578 2710; x_wconf 80' lang='lat' dir='ltr'><strong>Cretensium</strong></span> <span class='ocrx_word' id='word_1_211' title='bbox 598 2650 756 2709; x_wconf 87' lang='lat' dir='ltr'><strong>Siculorum</strong></span> <span class='ocrx_word' id='word_1_212' title='bbox 790 2650 921 2708; x_wconf 87' lang='lat' dir='ltr'><strong>dialectis</strong></span> <span class='ocrx_word' id='word_1_213' title='bbox 951 2650 1172 2708; x_wconf 90' lang='lat' dir='ltr'><strong>commutatione</strong></span> <span class='ocrx_word' id='word_1_214' title='bbox 1202 2650 1302 2710; x_wconf 86' lang='lat' dir='ltr'><strong>docuit</strong></span> 
     </span>
     <span class='ocr_line' id='line_1_24' title="bbox 196 2745 1298 2826; baseline -0.001 -19"><span class='ocrx_word' id='word_1_215' title='bbox 196 2750 262 2826; x_wconf 82' lang='lat' dir='ltr'><strong>(frg.</strong></span> <span class='ocrx_word' id='word_1_216' title='bbox 286 2749 349 2824; x_wconf 92' lang='grc'><strong>16),</strong></span> <span class='ocrx_word' id='word_1_217' title='bbox 381 2748 450 2807; x_wconf 86' lang='grc'><strong>66116</strong></span> <span class='ocrx_word' id='word_1_218' title='bbox 476 2751 609 2806; x_wconf 89' lang='lat' dir='ltr'><strong>accurate</strong></span> <span class='ocrx_word' id='word_1_219' title='bbox 632 2748 725 2806; x_wconf 86' lang='lat' dir='ltr'><strong>refert</strong></span> <span class='ocrx_word' id='word_1_220' title='bbox 744 2747 866 2820; x_wconf 89' lang='lat' dir='ltr'><strong>scriptor</strong></span> <span class='ocrx_word' id='word_1_221' title='bbox 886 2746 940 2820; x_wconf 82' lang='lat' dir='ltr'><strong>Ep.</strong></span> <span class='ocrx_word' id='word_1_222' title='bbox 962 2745 1011 2806; x_wconf 83' lang='lat' dir='ltr'><strong>Or.</strong></span> <span class='ocrx_word' id='word_1_223' title='bbox 1032 2748 1046 2805; x_wconf 97' lang='lat' dir='ltr'>I</span> <span class='ocrx_word' id='word_1_224' title='bbox 1069 2748 1133 2819; x_wconf 90' lang='grc'><strong>137,</strong></span> <span class='ocrx_word' id='word_1_225' title='bbox 1157 2747 1205 2807; x_wconf 89' lang='grc'><strong>28.</strong></span> <span class='ocrx_word' id='word_1_226' title='bbox 1246 2747 1298 2806; x_wconf 86' lang='grc'><strong>661</strong></span> 
     </span>
     <span class='ocr_line' id='line_1_25' title="bbox 196 2843 1299 2921; baseline -0.002 -17"><span class='ocrx_word' id='word_1_227' title='bbox 196 2846 273 2906; x_wconf 91' lang='lat' dir='ltr'><strong>idem</strong></span> <span class='ocrx_word' id='word_1_228' title='bbox 293 2846 383 2905; x_wconf 89' lang='lat' dir='ltr'><strong>altero</strong></span> <span class='ocrx_word' id='word_1_229' title='bbox 403 2845 467 2903; x_wconf 96' lang='lat' dir='ltr'><strong>loco</strong></span> <span class='ocrx_word' id='word_1_230' title='bbox 488 2844 556 2921; x_wconf 84' lang='lat' dir='ltr'><strong>(Ep.</strong></span> <span class='ocrx_word' id='word_1_231' title='bbox 572 2844 651 2904; x_wconf 78' lang='grc'><strong>061</strong></span> <span class='ocrx_word' id='word_1_232' title='bbox 673 2846 719 2916; x_wconf 88' lang='grc'><strong>31,</strong></span> <span class='ocrx_word' id='word_1_233' title='bbox 742 2843 793 2920; x_wconf 88' lang='grc'><strong>32)</strong></span> <span class='ocrx_word' id='word_1_234' title='bbox 814 2844 888 2902; x_wconf 86' lang='lat' dir='ltr'><strong>falso</strong></span> <span class='ocrx_word' id='word_1_235' title='bbox 910 2861 973 2902; x_wconf 89' lang='lat' dir='ltr'><strong>eam</strong></span> <span class='ocrx_word' id='word_1_236' title='bbox 993 2843 1151 2903; x_wconf 88' lang='lat' dir='ltr'><strong>doctrinam</strong></span> <span class='ocrx_word' id='word_1_237' title='bbox 1165 2844 1299 2903; x_wconf 83' lang='lat' dir='ltr'><strong>adhibuit</strong></span> 
     </span>
     <span class='ocr_line' id='line_1_26' title="bbox 196 2940 1300 3020; baseline 0 -18"><span class='ocrx_word' id='word_1_238' title='bbox 196 2943 234 3002; x_wconf 79' lang='lat' dir='ltr'><strong>ad</strong></span> <span class='ocrx_word' id='word_1_239' title='bbox 253 2943 391 3001; x_wconf 82' lang='lat' dir='ltr'><strong>vocabula</strong></span> <span class='ocrx_word' id='word_1_240' title='bbox 411 2940 536 3020; x_wconf 77' lang='grc' dir='ltr'>ἀργεννός</span> <span class='ocrx_word' id='word_1_241' title='bbox 556 2947 587 3000; x_wconf 86' lang='lat' dir='ltr'><strong>et</strong></span> <span class='ocrx_word' id='word_1_242' title='bbox 608 2940 744 3019; x_wconf 79' lang='grc' dir='ltr'>ἐρεβεννός</span> <span class='ocrx_word' id='word_1_243' title='bbox 764 2941 920 3000; x_wconf 82' lang='lat' dir='ltr'><strong>derivanda</strong></span> <span class='ocrx_word' id='word_1_244' title='bbox 939 2946 970 3000; x_wconf 85' lang='grc'><strong>61</strong></span> <span class='ocrx_word' id='word_1_245' title='bbox 982 2958 1044 3000; x_wconf 86' lang='lat' dir='ltr'><strong>rem</strong></span> <span class='ocrx_word' id='word_1_246' title='bbox 1057 2945 1146 3000; x_wconf 84' lang='lat' dir='ltr'><strong>totam</strong></span> <span class='ocrx_word' id='word_1_247' title='bbox 1160 2940 1300 3002; x_wconf 82' lang='lat' dir='ltr'><strong>confudit.</strong></span> 
     </span>
     <span class='ocr_line' id='line_1_27' title="bbox 198 3037 1301 3113; baseline -0.001 -15"><span class='ocrx_word' id='word_1_248' title='bbox 198 3072 235 3082; x_wconf 95' lang='lat'><em>-</em></span> <span class='ocrx_word' id='word_1_249' title='bbox 256 3057 292 3098; x_wconf 82' lang='lat' dir='ltr'><strong>ex</strong></span> <span class='ocrx_word' id='word_1_250' title='bbox 316 3040 421 3098; x_wconf 91' lang='lat' dir='ltr'><strong>eisdem</strong></span> <span class='ocrx_word' id='word_1_251' title='bbox 446 3038 549 3112; x_wconf 85' lang='lat' dir='ltr'><strong>quibus</strong></span> <span class='ocrx_word' id='word_1_252' title='bbox 567 3039 749 3113; x_wconf 79' lang='lat' dir='ltr'><strong>Epimerismi</strong></span> <span class='ocrx_word' id='word_1_253' title='bbox 769 3039 831 3098; x_wconf 90' lang='grc'><strong>661.</strong></span> <span class='ocrx_word' id='word_1_254' title='bbox 853 3039 942 3098; x_wconf 84' lang='lat' dir='ltr'><strong>Oxon.</strong></span> <span class='ocrx_word' id='word_1_255' title='bbox 964 3037 1091 3098; x_wconf 87' lang='lat' dir='ltr'><strong>fontibus</strong></span> <span class='ocrx_word' id='word_1_256' title='bbox 1110 3039 1170 3098; x_wconf 90' lang='lat' dir='ltr'><strong>fere</strong></span> <span class='ocrx_word' id='word_1_257' title='bbox 1190 3039 1301 3112; x_wconf 90' lang='lat' dir='ltr'><strong>compi-</strong></span> 
     </span>
     <span class='ocr_line' id='line_1_28' title="bbox 195 3133 1298 3210; baseline 0.003 -15"><span class='ocrx_word' id='word_1_258' title='bbox 195 3137 248 3195; x_wconf 91' lang='lat' dir='ltr'><strong>lati</strong></span> <span class='ocrx_word' id='word_1_259' title='bbox 273 3141 339 3195; x_wconf 87' lang='lat' dir='ltr'><strong>sunt</strong></span> <span class='ocrx_word' id='word_1_260' title='bbox 358 3137 542 3210; x_wconf 86' lang='lat' dir='ltr'><strong>Epimerismi</strong></span> <span class='ocrx_word' id='word_1_261' title='bbox 567 3136 672 3195; x_wconf 93' lang='lat' dir='ltr'><strong>codicis</strong></span> <span class='ocrx_word' id='word_1_262' title='bbox 692 3135 778 3195; x_wconf 86' lang='lat' dir='ltr'><strong>Ooisl.</strong></span> <span class='ocrx_word' id='word_1_263' title='bbox 801 3137 859 3195; x_wconf 87' lang='grc'><strong>367</strong></span> <span class='ocrx_word' id='word_1_264' title='bbox 880 3152 898 3193; x_wconf 89' lang='grc'><strong>6</strong></span> <span class='ocrx_word' id='word_1_265' title='bbox 918 3133 1055 3195; x_wconf 80' lang='lat' dir='ltr'><strong>Oramero</strong></span> <span class='ocrx_word' id='word_1_266' title='bbox 1075 3136 1183 3196; x_wconf 85' lang='lat' dir='ltr'><strong>Anecd.</strong></span> <span class='ocrx_word' id='word_1_267' title='bbox 1204 3135 1298 3198; x_wconf 86' lang='lat' dir='ltr'><strong>Paris.</strong></span> 
     </span>
     <span class='ocr_line' id='line_1_29' title="bbox 196 3233 1299 3306; baseline -0.002 -12"><span class='ocrx_word' id='word_1_268' title='bbox 196 3235 243 3294; x_wconf 82' lang='lat'><strong>111</strong></span> <span class='ocrx_word' id='word_1_269' title='bbox 263 3235 420 3294; x_wconf 86' lang='grc'><strong>294-370</strong></span> <span class='ocrx_word' id='word_1_270' title='bbox 441 3235 519 3305; x_wconf 88' lang='grc'><strong>61111,</strong></span> <span class='ocrx_word' id='word_1_271' title='bbox 539 3235 665 3306; x_wconf 87' lang='lat' dir='ltr'><strong>quinon</strong></span> <span class='ocrx_word' id='word_1_272' title='bbox 685 3238 718 3290; x_wconf 88' lang='grc'><strong>61</strong></span> <span class='ocrx_word' id='word_1_273' title='bbox 737 3233 781 3292; x_wconf 87' lang='grc'><strong>1111</strong></span> <span class='ocrx_word' id='word_1_274' title='bbox 801 3233 981 3306; x_wconf 88' lang='lat' dir='ltr'><strong>alphabetico</strong></span> <span class='ocrx_word' id='word_1_275' title='bbox 1003 3233 1102 3291; x_wconf 89' lang='lat' dir='ltr'><strong>ordine</strong></span> <span class='ocrx_word' id='word_1_276' title='bbox 1123 3233 1173 3293; x_wconf 92' lang='grc'><strong>661</strong></span> <span class='ocrx_word' id='word_1_277' title='bbox 1192 3249 1299 3293; x_wconf 87' lang='grc'><strong>66666-</strong></span> 
     </span>
     <span class='ocr_line' id='line_1_30' title="bbox 197 3329 1298 3404; baseline -0.002 -14"><span class='ocrx_word' id='word_1_278' title='bbox 197 3332 264 3390; x_wconf 85' lang='grc'><strong>166</strong></span> <span class='ocrx_word' id='word_1_279' title='bbox 293 3348 426 3390; x_wconf 85' lang='lat' dir='ltr'><strong>versuum</strong></span> <span class='ocrx_word' id='word_1_280' title='bbox 454 3332 672 3392; x_wconf 89' lang='lat' dir='ltr'><strong>Homericorum</strong></span> <span class='ocrx_word' id='word_1_281' title='bbox 702 3329 784 3391; x_wconf 89' lang='grc' dir='ltr'><strong>11.Α</strong></span> <span class='ocrx_word' id='word_1_282' title='bbox 815 3331 918 3389; x_wconf 86' lang='lat' dir='ltr'><strong>seriem</strong></span> <span class='ocrx_word' id='word_1_283' title='bbox 938 3331 1087 3404; x_wconf 90' lang='lat' dir='ltr'><strong>compositi</strong></span> <span class='ocrx_word' id='word_1_284' title='bbox 1106 3335 1180 3390; x_wconf 91' lang='lat' dir='ltr'><strong>sunt.</strong></span> <span class='ocrx_word' id='word_1_285' title='bbox 1221 3330 1298 3389; x_wconf 87' lang='lat' dir='ltr'><strong>alius</strong></span> 
     </span>
     <span class='ocr_line' id='line_1_31' title="bbox 197 3427 1300 3504; baseline -0.004 -15"><span class='ocrx_word' id='word_1_286' title='bbox 197 3431 308 3504; x_wconf 78' lang='grc'><strong>6666616</strong></span> <span class='ocrx_word' id='word_1_287' title='bbox 328 3435 358 3489; x_wconf 87' lang='grc'><strong>61</strong></span> <span class='ocrx_word' id='word_1_288' title='bbox 376 3429 518 3489; x_wconf 87' lang='lat' dir='ltr'><strong>inferioris</strong></span> <span class='ocrx_word' id='word_1_289' title='bbox 538 3434 605 3488; x_wconf 94' lang='lat' dir='ltr'><strong>sunt</strong></span> <span class='ocrx_word' id='word_1_290' title='bbox 624 3429 805 3503; x_wconf 85' lang='lat' dir='ltr'><strong>Epimerismi</strong></span> <span class='ocrx_word' id='word_1_291' title='bbox 826 3429 930 3488; x_wconf 90' lang='lat' dir='ltr'><strong>codicis</strong></span> <span class='ocrx_word' id='word_1_292' title='bbox 943 3429 1063 3488; x_wconf 91' lang='lat' dir='ltr'><strong>Barocc.</strong></span> <span class='ocrx_word' id='word_1_293' title='bbox 1078 3429 1116 3487; x_wconf 88' lang='grc'><strong>50</strong></span> <span class='ocrx_word' id='word_1_294' title='bbox 1130 3427 1188 3502; x_wconf 90' lang='lat' dir='ltr'><strong>(ap.</strong></span> <span class='ocrx_word' id='word_1_295' title='bbox 1204 3427 1300 3486; x_wconf 75' lang='lat' dir='ltr'><strong>(iram.</strong></span> 
     </span>
     <span class='ocr_line' id='line_1_32' title="bbox 197 3524 1174 3604; baseline -0.001 -18"><span class='ocrx_word' id='word_1_296' title='bbox 197 3527 253 3588; x_wconf 85' lang='lat' dir='ltr'><strong>An.</strong></span> <span class='ocrx_word' id='word_1_297' title='bbox 274 3527 326 3587; x_wconf 87' lang='lat' dir='ltr'><strong>Ox.</strong></span> <span class='ocrx_word' id='word_1_298' title='bbox 347 3530 376 3588; x_wconf 91' lang='lat'><strong>11</strong></span> <span class='ocrx_word' id='word_1_299' title='bbox 397 3527 649 3604; x_wconf 80' lang='lat' dir='ltr'><strong>331-426)‚ubi</strong></span> <span class='ocrx_word' id='word_1_300' title='bbox 668 3543 813 3601; x_wconf 89' lang='lat' dir='ltr'><strong>perpauca</strong></span> <span class='ocrx_word' id='word_1_301' title='bbox 835 3531 950 3586; x_wconf 87' lang='lat' dir='ltr'><strong>exstant</strong></span> <span class='ocrx_word' id='word_1_302' title='bbox 968 3524 1174 3600; x_wconf 88' lang='lat' dir='ltr'><strong>Heraclidea.¹)</strong></span> 
     </span>
    </p>

    <p class='ocr_par' dir='ltr' id='par_1_3' title="bbox 198 3621 1305 3796">
     <span class='ocr_line' id='line_1_33' title="bbox 277 3621 1305 3699; baseline -0.001 -15"><span class='ocrx_word' id='word_1_303' title='bbox 277 3622 348 3684; x_wconf 82' lang='lat' dir='ltr'><strong>Cum</strong></span> <span class='ocrx_word' id='word_1_304' title='bbox 376 3625 572 3699; x_wconf 88' lang='lat' dir='ltr'><strong>Epimerismis</strong></span> <span class='ocrx_word' id='word_1_305' title='bbox 602 3625 742 3684; x_wconf 88' lang='lat' dir='ltr'><strong>artissime</strong></span> <span class='ocrx_word' id='word_1_306' title='bbox 773 3624 922 3682; x_wconf 91' lang='lat' dir='ltr'><strong>coniuncta</strong></span> <span class='ocrx_word' id='word_1_307' title='bbox 952 3627 1018 3682; x_wconf 91' lang='lat' dir='ltr'><strong>sunt</strong></span> <span class='ocrx_word' id='word_1_308' title='bbox 1047 3621 1305 3697; x_wconf 82' lang='lat' dir='ltr'><strong>Etymologica.</strong></span> 
     </span>
     <span class='ocr_line' id='line_1_34' title="bbox 198 3718 1303 3796; baseline -0.004 -14"><span class='ocrx_word' id='word_1_309' title='bbox 198 3721 373 3782; x_wconf 90' lang='lat' dir='ltr'><strong>Heraclidea</strong></span> <span class='ocrx_word' id='word_1_310' title='bbox 398 3739 470 3795; x_wconf 91' lang='grc'><strong>6666</strong></span> <span class='ocrx_word' id='word_1_311' title='bbox 495 3726 608 3782; x_wconf 85' lang='lat' dir='ltr'><strong>exstant</strong></span> <span class='ocrx_word' id='word_1_312' title='bbox 627 3723 658 3780; x_wconf 92' lang='lat' dir='ltr'><strong>in</strong></span> <span class='ocrx_word' id='word_1_313' title='bbox 678 3721 879 3794; x_wconf 80' lang='lat' dir='ltr'><strong>Etymologico</strong></span> <span class='ocrx_word' id='word_1_314' title='bbox 900 3719 1005 3793; x_wconf 82' lang='lat' dir='ltr'><strong>Magno</strong></span> <span class='ocrx_word' id='word_1_315' title='bbox 1025 3720 1068 3796; x_wconf 90' lang='lat' dir='ltr'><strong>(et</strong></span> <span class='ocrx_word' id='word_1_316' title='bbox 1088 3718 1233 3794; x_wconf 84' lang='lat' dir='ltr'><strong>Gudiano)</strong></span> <span class='ocrx_word' id='word_1_317' title='bbox 1252 3719 1303 3778; x_wconf 87' lang='lat' dir='ltr'><strong>vel</strong></span> 
     </span>
    </p>
   </div>
   <div class='ocr_carea' id='block_1_3' title="bbox 197 3863 1301 4205">
    <p class='ocr_par' dir='ltr' id='par_1_4' title="bbox 197 3863 1301 4205">
     <span class='ocr_line' id='line_1_35' title="bbox 288 3863 1301 3941; baseline -0.005 -15"><span class='ocrx_word' id='word_1_318' title='bbox 288 3870 310 3941; x_wconf 88' lang='lat'><strong>¹)</strong></span> <span class='ocrx_word' id='word_1_319' title='bbox 327 3870 379 3927; x_wconf 89' lang='lat' dir='ltr'><strong>hoc</strong></span> <span class='ocrx_word' id='word_1_320' title='bbox 396 3870 456 3926; x_wconf 93' lang='lat' dir='ltr'><strong>loco</strong></span> <span class='ocrx_word' id='word_1_321' title='bbox 474 3868 639 3926; x_wconf 88' lang='lat' dir='ltr'><strong>monendum</strong></span> <span class='ocrx_word' id='word_1_322' title='bbox 657 3868 767 3926; x_wconf 84' lang='lat' dir='ltr'><strong>videtur</strong></span> <span class='ocrx_word' id='word_1_323' title='bbox 785 3869 879 3925; x_wconf 89' lang='lat' dir='ltr'><strong>omnia</strong></span> <span class='ocrx_word' id='word_1_324' title='bbox 890 3868 1054 3924; x_wconf 89' lang='lat' dir='ltr'><strong>Heraclidea</strong></span> <span class='ocrx_word' id='word_1_325' title='bbox 1065 3882 1136 3939; x_wconf 88' lang='grc'><strong>6666</strong></span> <span class='ocrx_word' id='word_1_326' title='bbox 1148 3866 1178 3921; x_wconf 89' lang='grc'><strong>16</strong></span> <span class='ocrx_word' id='word_1_327' title='bbox 1190 3863 1301 3921; x_wconf 83' lang='lat' dir='ltr'><strong>scholiis</strong></span> 
     </span>
     <span class='ocr_line' id='line_1_36' title="bbox 198 3951 1299 4028; baseline -0.005 -12"><span class='ocrx_word' id='word_1_328' title='bbox 198 3958 351 4016; x_wconf 87' lang='lat' dir='ltr'><strong>Homericis</strong></span> <span class='ocrx_word' id='word_1_329' title='bbox 370 3957 709 4028; x_wconf 76' lang='lat' dir='ltr'><strong>ap.cram.AnPar.111</strong></span> <span class='ocrx_word' id='word_1_330' title='bbox 725 3955 856 4028; x_wconf 77' lang='lat' dir='ltr'><strong>leguntur</strong></span> <span class='ocrx_word' id='word_1_331' title='bbox 869 3972 904 4012; x_wconf 87' lang='lat' dir='ltr'><strong>ex</strong></span> <span class='ocrx_word' id='word_1_332' title='bbox 916 3955 1061 4012; x_wconf 83' lang='lat' dir='ltr'><strong>llustathio</strong></span> <span class='ocrx_word' id='word_1_333' title='bbox 1075 3969 1137 4009; x_wconf 86' lang='lat' dir='ltr'><strong>esse</strong></span> <span class='ocrx_word' id='word_1_334' title='bbox 1149 3951 1299 4023; x_wconf 87' lang='lat' dir='ltr'><strong>descripta:</strong></span> 
     </span>
     <span class='ocr_line' id='line_1_37' title="bbox 198 4040 1301 4119; baseline -0.007 -14"><span class='ocrx_word' id='word_1_335' title='bbox 198 4064 263 4106; x_wconf 88' lang='lat' dir='ltr'><strong>nam</strong></span> <span class='ocrx_word' id='word_1_336' title='bbox 280 4048 428 4119; x_wconf 88' lang='lat' dir='ltr'><strong>scriptores</strong></span> <span class='ocrx_word' id='word_1_337' title='bbox 446 4047 533 4104; x_wconf 90' lang='lat' dir='ltr'><strong>schol.</strong></span> <span class='ocrx_word' id='word_1_338' title='bbox 550 4046 677 4103; x_wconf 88' lang='lat' dir='ltr'><strong>codicum</strong></span> <span class='ocrx_word' id='word_1_339' title='bbox 702 4045 787 4102; x_wconf 90' lang='lat' dir='ltr'><strong>Paris.</strong></span> <span class='ocrx_word' id='word_1_340' title='bbox 806 4045 885 4101; x_wconf 84' lang='grc'><strong>2681.</strong></span> <span class='ocrx_word' id='word_1_341' title='bbox 905 4045 985 4102; x_wconf 84' lang='grc'><strong>2767.</strong></span> <span class='ocrx_word' id='word_1_342' title='bbox 1004 4043 1075 4100; x_wconf 86' lang='grc'><strong>6058</strong></span> <span class='ocrx_word' id='word_1_343' title='bbox 1092 4042 1160 4113; x_wconf 82' lang='lat' dir='ltr'><strong>(An.</strong></span> <span class='ocrx_word' id='word_1_344' title='bbox 1177 4040 1241 4098; x_wconf 89' lang='lat' dir='ltr'><strong>Par.</strong></span> <span class='ocrx_word' id='word_1_345' title='bbox 1258 4041 1301 4098; x_wconf 90' lang='grc'><strong>111</strong></span> 
     </span>
     <span class='ocr_line' id='line_1_38' title="bbox 197 4129 1281 4205; baseline -0.006 -13"><span class='ocrx_word' id='word_1_346' title='bbox 197 4136 312 4193; x_wconf 85' lang='lat' dir='ltr'><strong>ae-as.</strong></span> <span class='ocrx_word' id='word_1_347' title='bbox 332 4135 479 4192; x_wconf 84' lang='grc'><strong>179-246.</strong></span> <span class='ocrx_word' id='word_1_348' title='bbox 498 4134 651 4205; x_wconf 78' lang='lat' dir='ltr'><strong>aul-aaa)</strong></span> <span class='ocrx_word' id='word_1_349' title='bbox 668 4133 808 4190; x_wconf 85' lang='lat' dir='ltr'><strong>llustathii</strong></span> <span class='ocrx_word' id='word_1_350' title='bbox 827 4132 1037 4190; x_wconf 88' lang='lat' dir='ltr'><strong>commentarios</strong></span> <span class='ocrx_word' id='word_1_351' title='bbox 1055 4129 1281 4201; x_wconf 80' lang='lat' dir='ltr'><strong>compilaverunt</strong></span> 
     </span>
    </p>
   </div>
   <div class='ocr_carea' id='block_1_4' title="bbox 0 0 1369 4628">
    <p class='ocr_par' dir='ltr' id='par_1_5' title="bbox 0 0 1369 4628">
     <span class='ocr_line' id='line_1_39' title="bbox 0 0 1369 4628; baseline 0 0"><span class='ocrx_word' id='word_1_352' title='bbox 0 0 1369 4628; x_wconf 95' lang='lat' dir='ltr'><strong> </strong></span> 
     </span>
    </p>
   </div>
  </div>
 </body>
</html>
