2722 4628
525 366 739 430 „24-

80 580 237 660 φερομένων
258 579 333 657 αὐτῷ
354 579 423 657 μήτε
444 577 491 638 δύο
512 577 664 656 συμφώνων
686 576 755 654 μήτε
769 579 872 650 διπλοῦ,
894 574 1075 654 παρωξύνετο,
1096 574 1185 652 ὥσπερ

81 681 139 758 ἔχει
158 678 189 737 τὸ
211 676 333 736 λιπέσθαι
352 675 478 736 πιθέσθαι
499 674 600 735 ἰδέσθαι
620 674 733 747 ἱκέσθαι,
755 673 842 739 οὕτως
856 674 901 734 καὶ
914 674 945 732 τὸ
960 671 1079 732 λιτέσθαι
1091 671 1186 750 παρώ-

82 774 157 842 ξυνον
186 776 205 852 ἡ
230 774 384 853 παράδοσις,
406 773 438 833 οὐ
457 776 498 851 τῷ
517 772 590 850 ’λόγῳ
610 774 658 831 τοῦ
680 771 827 837 ἐνεστῶτος
846 770 998 839 πεισθεῖσα,
1029 772 1070 847 τῷ
1090 769 1121 828 δὲ
1140 770 1187 828 τοῦ

81 876 263 952 χαρακτῆρος.
295 876 421 933 osterum
441 871 622 932 Herodianus
643 871 792 930 immemor
804 869 861 928 fuit
874 869 998 943 optativi
1011 867 1116 927 aoristi
1129 866 1187 925 fcr-

81 986 144 1029 mae
165 968 285 1046 λιτοίμην
306 967 333 1045 (Ε
352 968 435 1041 406).

159 1066 248 1125 Libro
282 1065 344 1144 περὶ
374 1065 523 1143 καθολικῆς
552 1063 704 1144 προσῳδίας
725 1064 892 1123 Heraclides
922 1063 1045 1122 maxime
1072 1079 1122 1122 eas
1143 1077 1187 1120 res

80 1166 216 1224 tractant
235 1180 305 1237 quas
324 1163 437 1222 nomine
456 1160 594 1241 προσῳδία
607 1168 720 1222 veteres
734 1162 887 1235 complecti
899 1161 1039 1233 solebant,
1052 1165 1190 1219 accentus

82 1263 200 1336 spiritus
230 1261 406 1333 quantitates
426 1260 609 1333 syllabarum.
650 1259 755 1332 ubique
774 1260 805 1319 id
825 1258 935 1318 studuit
954 1257 1124 1330 praecipue,
1157 1261 1190 1315 ut

81 1359 186 1421 similia
198 1359 337 1418 vocabula
346 1344 530 1430 componeret
544 1358 685 1430 certisque
694 1358 806 1430 legibus
816 1356 1187 1430 prosodiaoiscomprehen-

82 1457 172 1516 deret.
203 1455 286 1514 utin
305 1454 466 1528 fragmento
487 1455 523 1514 de
543 1473 612 1515 voce
633 1454 755 1533 σταφυλή
775 1471 912 1514 canonem
932 1455 1053 1528 legimus
1074 1453 1190 1511 desub·

81 1555 213 1614 stantivis
232 1556 263 1613 in
281 1549 335 1628 οᾟ]
356 1559 387 1611 ot
406 1553 480 1613 alias
498 1553 530 1612 id
550 1569 638 1627 genus
658 1553 869 1612 ohservationes
889 1552 1090 1625 prosodiacas,
1113 1549 1190 1622 apud

80 1653 163 1712 Euat
184 1670 214 1726 p.
237 1654 322 1725 1724,
344 1653 383 1712 34
405 1651 473 1726 (fug.
498 1650 548 1726 12)
568 1667 705 1710 canonem
725 1651 761 1710 de
780 1651 941 1709 nominibus
962 1649 993 1707 in
1013 1647 1062 1726 ἧς
1084 1664 1191 1719 quaes

83 1751 177 1809 verbis
198 1750 353 1810 conmactis
373 1749 541 1808 derivantur
560 1754 590 1808 et
611 1753 664 1807 cet
698 1765 754 1820 quo
775 1749 931 1822 ingerere
951 1747 1023 1806 artis
1043 1762 1191 1819 gramm-

81 1849 157 1907 ticae
186 1846 353 1920 plerumque
374 1846 570 1905 Herodianum
600 1862 664 1903 cum
683 1844 837 1904 Heraclide
862 1844 1025 1903 consentire
1046 1843 1189 1902 videmus:

60 1943 119 2005 cf.
143 1943 199 2017 fig.
224 1946 269 2004 12.
299 1946 344 2003 13.
368 1945 412 2002 14.
438 1943 483 2002 15.
526 1959 616 2015 neque
647 1958 717 2001 vero
737 1941 906 2000 Heraclides
935 1941 1014 2000 intra
1038 1941 1190 2015 prosodiae

83 2043 154 2104 lines
174 2059 236 2102 sese
257 2041 406 2111 continuit,
427 2041 577 2100 sedetiam
597 2041 719 2114 origines
739 2039 902 2110 formasque
915 2039 1050 2112 genuinas
1060 2043 1090 2097 at
1103 2039 1190 2111 signi-

82 2139 230 2201 ficationes
249 2139 451 2198 vocabulorum
470 2138 619 2211 indagavit
639 2143 668 2198 et
689 2137 851 2210 exploravit
872 2153 991 2208 quorum
1013 2135 1049 2195 de
1069 2139 1191 2193 accentu

67 2223 149 2298 erat
178 2238 329 2297 contentio.
371 2240 404 2295 ut
424 2236 460 2295 de
481 2236 593 2310 origine
613 2251 714 2293 vocum
735 2232 792 2292 eled
811 2231 871 2292 ἐπεί
889 2231 977 2297 αὔτως
997 2234 1028 2291 in
1048 2232 1191 2291 Prosodia

84 2334 232 2395 Catholica
242 2351 307 2393 eum
318 2333 486 2393 disseruisse
495 2333 644 2406 Apollonii
654 2333 772 2405 Dyscoli
781 2331 945 2390 testimonio
957 2335 1079 2390 constat.
1103 2335 1190 2402 atquo

82 2433 182 2493 eodem
197 2432 270 2491 libro
285 2432 320 2490 de
335 2430 540 2504 significatione
554 2445 656 2489 vocum
670 2428 807 2507 ἀβληχρός
822 2433 851 2486 et
864 2426 978 2486 ἀνόπαια
993 2434 1023 2487 et
1034 2428 1070 2486 de
1084 2427 1189 2486 forma

82 2531 161 2589 tione
174 2529 307 2589 vocabuli
321 2529 391 2593 ἅπας
405 2529 570 2589 disseruisse
583 2528 725 2601 putandus
745 2532 790 2586 est
802 2526 909 2602 (agitur
929 2527 1004 2586 enim
1023 2527 1140 2601 proprie
1159 2528 1189 2584 in

83 2627 220 2706 ἀβληχρός
240 2630 270 2684 et
291 2625 404 2685 ἀνόπαια
425 2627 460 2684 de
480 2629 608 2692 accentu,
628 2625 659 2682 in
679 2624 749 2688 ἅπας
769 2624 804 2683 de
824 2625 999 2696 quantitate:
1032 2623 1067 2684 cf.
1090 2625 1187 2698 Apoll.

81 2725 117 2784 de
137 2726 199 2783 adu.
230 2725 325 2792 159,7
346 2723 502 2798 muncia).
544 2738 635 2794 neque
666 2738 730 2781 eum
756 2722 908 2779 verborum
935 2721 1113 2780 differentias
1133 2737 1189 2780 non

84 2822 243 2895 respexisse
256 2821 401 2880 Ammonii
421 2821 482 2880 sive
495 2819 633 2879 Herennii
646 2819 775 2878 Philonis
795 2819 852 2878 loci
872 2818 909 2893 (s.
923 2835 950 2877 ι.
966 2819 1011 2876 νῦν
1026 2824 1056 2877 et
1070 2817 1188 2893 ἱκέσθαι)
1216 2857 1219 2860 <

82 2921 289 2991 demonstrant,
321 2935 392 2992 quos
412 2918 571 2977 Prosodiae
590 2917 758 2977 Catholicae
784 2917 847 2977 iure
867 2917 1025 2990 assignasse
1045 2917 1126 2976 nohis
1148 2917 1190 2975 vi·

81 3018 190 3077 demur.
233 3017 283 3075 sed
313 3016 344 3074 in
369 3032 403 3075 ea
427 3032 460 3074 re
480 3015 550 3087 quid
570 3015 750 3089 praestiterit
769 3014 826 3073 dici
846 3013 957 3085 nequit:
990 3013 1189 3072 distinctiones

82 3103 154 3188 quas
173 3114 274 3173 satus
293 3113 369 3172 inter
389 3114 435 3171 νῦν
456 3118 486 3171 et
505 3111 563 3171 νωι
581 3118 611 3171 a
630 3113 706 3172 nter
724 3110 831 3171 asses
852 3116 881 3169 et
901 3108 1044 3187 ἀφικέσθαι
1064 3110 1134 3168 satis
1148 3115 1188 3168 aa

83 3229 160 3272 mere
180 3216 247 3271 sunt
266 3210 450 3283 excogitatae.

159 3309 204 3375 De
224 3312 287 3366 arie
308 3311 338 3365 et
363 3307 493 3366 doctrine
512 3323 597 3378 quam
621 3307 696 3365 libro
721 3305 783 3384 περὶ
808 3304 956 3365 saeuitiae
977 3303 1108 3382 ῥημάτων
1128 3309 1189 3362 tra·

82 3407 157 3466 didit
177 3404 354 3476 Heraclides,
381 3419 445 3463 cum
472 3404 532 3463 eius
552 3404 619 3464 lihri
639 3405 803 3477 fragmenta
826 3405 915 3462 multo
936 3404 1019 3476 plura
1039 3408 1069 3461 et
1090 3402 1189 3476 copio-

79 3504 156 3563 siora
179 3506 301 3561 aetamm
325 3501 454 3574 tulerint,
484 3501 588 3560 melius
614 3502 694 3560 nobis
720 3501 847 3560 iudicare
867 3501 935 3559 licat
955 3516 1039 3572 quam
1061 3501 1096 3559 de
1116 3501 1189 3558 Pro·

79 3600 160 3661 sodia
184 3599 340 3672 Oechaliae,
367 3614 403 3657 ex
429 3615 494 3672 qua,
527 3599 551 3657 si
571 3614 658 3657 unum
678 3598 713 3657 de
744 3614 815 3656 voce
846 3596 966 3674 σταφυλή
996 3597 1189 3671 fragmentum

79 3697 227 3767 exemeris,
247 3697 359 3755 misella
378 3695 471 3755 frusta
489 3701 606 3754 servata
624 3700 699 3755 sunt.
726 3695 897 3755 Heraclides
913 3695 987 3754 libro
1002 3693 1063 3773 περὶ
1077 3694 1190 3754 iussit-

79 3816 135 3852 των
156 3792 286 3871 ῥημάτων
311 3794 347 3853 de
367 3789 542 3853 formatione
557 3798 588 3852 et
609 3793 799 3852 declinatione
820 3810 918 3852 eorum
937 3793 1090 3852 verborum
1110 3797 1190 3851 recte

81 3892 249 3965 explicanda
276 3897 306 3951 et
326 3891 525 3951 constituenda
550 3891 710 3965 disputavit
734 3907 806 3963 quae
832 3895 933 3949 contra
953 3890 1116 3964 analogiam
1137 3906 1190 3948 nec

80 3990 234 4049 secundum
258 3991 336 4064 leges
367 4005 527 4048 communes
558 3989 637 4047 facta
662 4005 723 4048 esse
753 3987 934 4047 videbantur.
976 3991 1042 4046 ante
1068 4004 1133 4045 eum
1152 3987 1189 4046 si·

80 4087 160 4146 milia
173 4092 370 4147 tractaverunt
383 4087 501 4160 Trypho
523 4091 553 4144 et
565 4086 746 4158 Philoxenus,
769 4101 889 4157 quorum
902 4085 952 4143 ille
973 4101 1037 4144 cum
1058 4085 1190 4144 aliatum
