2722 4628
579 415 799 478 ...13-

136 625 214 696 apud
233 623 331 696 Steph.
345 624 416 698 Byz.
438 642 460 684 s.
476 641 502 682 ν.
518 621 626 703 Κύρτος
646 631 676 683 et
696 626 784 686 schol.
805 625 912 686 Oribas
933 627 962 684 in
982 627 1043 686 Mai
1064 629 1144 688 class.
1165 640 1239 690 auct

132 720 176 778 IV
199 723 231 778 11
257 721 446 780 differentiam
468 721 587 795 legimus
613 723 755 780 nominum
776 719 883 800 Κύρτος
907 728 937 781 et
956 720 1064 802 Κορτός
1085 742 1103 783 a
1122 725 1241 786 Philone

134 817 243 879 datam.
285 819 487 877 adnotamenta
506 819 554 876 Et.
576 819 634 891 Mg.
658 820 724 891 227,
748 821 781 877 51
807 818 942 897 (γέρανος)
963 827 993 880 et
1012 821 1060 882 Et.
1076 822 1147 880 Gud.
1173 824 1239 896 123,

135 915 174 973 38
197 913 313 992 (γέρρα),
345 915 394 973 nbi
410 912 564 993 Ἔρρέννιος
584 913 677 973 ΦιἋων
698 914 726 972 ἐν
751 917 792 993 τῷ
817 915 877 994 περὶ
901 917 1105 996 χρηστομαθίας
1125 920 1239 994 citatur,

136 1012 176 1071 ad
197 1011 326 1071 Philonis
347 1013 381 1071 de
411 1011 577 1072 differentiis
603 1013 760 1072 doctrinam
785 1020 915 1086 spectare
939 1020 1016 1075 recte
1040 1016 1242 1076 animadvertit

131 1109 228 1168 Lehrs
241 1108 347 1170 Arist.²
362 1112 429 1171 317.
450 1111 570 1183 denique
589 1111 658 1169 libri
671 1112 852 1171 Ammoniani
865 1128 964 1172 verum
984 1114 1151 1186 scriptorem
1170 1114 1240 1173 Phi-

130 1208 227 1265 lonem
253 1225 314 1267 esse
344 1209 414 1266 mihi
439 1208 596 1268 certissime
625 1209 743 1281 probari
772 1209 887 1269 videtur
910 1211 965 1269 hac
989 1212 1132 1270 Ammonii
1156 1217 1238 1272 nota:

128 1301 277 1380 Ἰδουμαῖοι
308 1303 353 1363 καὶ
378 1302 504 1362 Ἰουδαῖοι
534 1304 710 1383 διαφέρουσιν,
742 1304 780 1368 ὣς
804 1327 868 1382 φησι
893 1304 1060 1383 Πτολεμαῖος
1085 1307 1113 1366 ἐν
1138 1308 1239 1387 πρώτῳ

131 1400 195 1480 περὶ
227 1399 354 1481 Ἡρώδου
385 1403 432 1460 τοῦ
463 1401 592 1478 βασιλέως
623 1400 673 1477 (ef.
695 1401 729 1463 O.
748 1403 870 1461 Mueller
896 1404 975 1462 Fun
996 1406 1040 1463 III
1062 1406 1118 1465 348
1149 1406 1237 1482 adn).

101 1563 103 1566 ,
129 1497 257 1558 Ἰουδαῖοι
278 1499 327 1576 μὲν
347 1498 398 1577 γάρ
420 1498 482 1557 εἰσιν
504 1499 529 1557 οἱ
550 1497 578 1564 ἐξ
599 1499 686 1577 ἀρχῆς
706 1498 824 1577 φυσικοί·
856 1497 1002 1577 Ἰδουμαῖοι
1022 1501 1052 1559 δὲ
1071 1501 1103 1560 τὸ
1124 1502 1173 1579 μὲν
1187 1503 1239 1581 ἀρ-

127 1595 218 1677 χῆθεν
240 1596 290 1656 οὐκ
305 1594 439 1667 Ἰουδαῖοι,
464 1595 534 1655 ἀλλὰ
554 1595 678 1660 Φοίνικες
702 1595 747 1656 καὶ
767 1595 849 1674 Σύροι
872 1597 1052 1675 κρατηθέντες
1073 1599 1102 1657 δὲ
1122 1598 1165 1658 ὑπ’
1187 1599 1238 1659 αὖ·

126 1696 183 1752 τῶν
204 1693 250 1754 καὶ
269 1693 481 1770 ἀναγκασθέντες
502 1693 705 1772 περιτέμνεσθαι
725 1693 771 1754 καὶ
790 1698 924 1753 συντελεῖν
945 1695 981 1759 εἰς
1001 1696 1032 1754 τὸ
1053 1696 1117 1762 ἔθος
1139 1696 1239 1757 καὶτὰ

128 1789 198 1850 adad
218 1791 319 1867 νόμιμα
339 1790 460 1868 ἡγεῖσθαι
480 1789 636 1868 ἐκλήθησαν
653 1788 808 1867 Ἰδουμαῖοι.
849 1793 918 1864 quid
942 1793 1015 1852 haec
1039 1794 1077 1852 ad
1097 1811 1238 1868 gramma·

126 1888 203 1948 ticos
225 1889 371 1948 Graecos?
410 1888 560 1947 Philonem
580 1889 726 1962 Byblium‚
747 1905 853 1962 genere
873 1889 1053 1963 Phoenicem,
1075 1893 1123 1962 qui
1144 1890 1238 1951 Φοινι-

126 1985 208 2063 κικὴν
228 1984 345 2065 ἱστορίαν
366 1991 396 2044 et
415 1985 476 2064 περὶ
492 1983 632 2044 Ἰουδαίων
653 1986 810 2060 scripserit,
833 1987 905 2046 talia
926 1988 1005 2046 etin
1025 1989 1080 2047 hoc
1093 1989 1168 2048 libro
1189 2006 1237 2047 cu-

126 2100 208 2143 rasse
228 2083 301 2142 nihil
320 2085 433 2142 mirum.

207 2180 265 2239 Sed
285 2185 319 2239 ut
339 2197 372 2238 eo
392 2182 541 2240 redeamus
561 2181 636 2238 unde
657 2180 780 2252 digressi
799 2198 907 2253 sumus,
935 2197 971 2238 ex
992 2181 1116 2254 antiquis
1135 2200 1233 2256 gram

126 2277 242 2336 maticis
266 2277 342 2335 solos
361 2278 548 2350 Apollonium
568 2277 763 2336 Herodianum
783 2277 931 2336 Philonem
950 2278 1123 2337 Heraclidae
1143 2280 1233 2340 libros

125 2374 292 2434 adhibuisse
312 2374 442 2432 vidimus.
474 2374 559 2448 plura
577 2374 768 2447 Byzantini
789 2374 989 2447 compilatores
1010 2391 1044 2434 ex
1065 2375 1123 2435 illis
1137 2392 1231 2435 serva·

124 2477 204 2532 runt.
246 2488 280 2531 ao
305 2478 432 2532 veterum
452 2472 564 2530 illorum
584 2471 747 2530 testimonia
767 2472 864 2530 omnia
884 2472 920 2530 ad
941 2473 1108 2532 Prosodiam
1128 2473 1233 2531 (latho-

124 2570 212 2628 licam
232 2569 295 2628 iure
314 2569 459 2628 rettulisse
471 2569 552 2628 nobis
566 2569 703 2627 videmur.
735 2568 770 2627 ab
784 2569 944 2628 hominibus
957 2569 1126 2642 Byzantinis
1140 2571 1231 2643 magis

124 2666 201 2726 liber
220 2665 281 2745 περὶ
301 2665 448 2726 δυσκλίτων
469 2664 599 2743 ῥημάτων
620 2666 759 2738 expilatus
780 2671 831 2726 est.
865 2665 962 2725 Osann
981 2667 1096 2738 quidem
1108 2666 1233 2740 plurima

124 2763 289 2838 fragmenta
318 2766 354 2822 ab
379 2764 529 2823 Eustathio
559 2764 670 2822 tradita
690 2764 844 2824 Prosodiae
864 2763 1030 2823 Catholicae
1060 2764 1232 2824 vindicanda

126 2877 190 2921 esse
211 2861 333 2934 censuit,
365 2862 469 2919 librum
489 2860 549 2939 περὶ
570 2859 717 2921 δυσκλίτων
739 2859 869 2938 ῥημάτων
889 2862 972 2934 parvi
993 2862 1127 2920 momenti
1147 2867 1233 2934 puta-

124 2960 178 3020 vit.
210 2975 266 3032 qna
280 2959 315 3018 de
328 2975 360 3018 re
373 2959 451 3031 Frye
466 2975 530 3018 cum
540 2957 654 3018 Osanno
669 2957 843 3033 consentit.¹)
879 2958 949 3016 mihi
961 2974 1029 3016 vero
1043 2975 1099 3016 non
1113 2958 1230 3017 dubium

125 3057 242 3116 videtur
272 3056 339 3127 quin
362 3057 448 3128 longe
473 3056 625 3114 maximam
651 3056 874 3128 fragmentorum
893 3059 1005 3128 partem
1025 3055 1231 3115 Eustathiuse

125 3154 200 3214 libro
221 3151 282 3231 περὶ
303 3151 449 3212 δοσκλίτων
470 3152 600 3230 ῥημάτων
621 3153 757 3212 hauserit.
788 3168 861 3210 anno
885 3152 959 3211 1496
973 3152 1067 3212 Aldus
1081 3152 1229 3211 Manutius

126 3251 158 3312 in
176 3250 251 3310 libro
271 3250 451 3309 miscellaneo
474 3250 585 3320 „Cornu
606 3251 704 3323 copiae
724 3250 782 3308 sive
803 3249 889 3307 Horti
909 3249 1063 3309 Adonidis·
1094 3249 1232 3322 inscripto

126 3348 177 3408 fol.
200 3343 280 3408 norb
296 3380 332 3389 -
344 3343 423 3406 205b
457 3364 575 3420 parrum
606 3350 770 3418 excerptum
791 3345 880 3403 edidit
900 3344 951 3403 sub
972 3346 1057 3404 titulo
1077 3345 1235 3424 παραγωγαὶ

128 3443 276 3505 δυοκλίτων
296 3443 434 3521 ῥημάτων.
465 3444 541 3503 idem
561 3449 725 3518 excerptum
745 3459 761 3502 e
782 3442 879 3502 codice
893 3443 1015 3514 quodam
1028 3443 1230 3503 Darmstadino

126 3542 257 3616 uulgauit
277 3541 359 3600 Stura
379 3547 444 3614 post
463 3542 556 3615 noym
580 3541 651 3600 Gud
673 3559 702 3614 p.
724 3542 793 3615 661,
814 3541 961 3613 {ra-662,
983 3541 1001 3599 8
1022 3557 1056 3599 ao
1075 3542 1192 3600 tertium
1213 3559 1230 3602 e

217 3779 241 3848 ¹)
258 3794 287 3848 p.
306 3778 369 3837 104:
399 3776 592 3849 „scriptorum
621 3792 691 3848 quae
709 3777 868 3833 Heraohdes
886 3777 1010 3833 Milesius
1029 3778 1148 3850 reliquit,
1166 3793 1229 3847 gra·

129 3865 273 3921 vissimum
286 3867 370 3938 atque
382 3866 602 3936 copiosissimum
613 3865 768 3935 putaverim
781 3863 941 3922 Prosodiam
953 3863 1130 3933 Catholicam,
1144 3881 1159 3920 e
1171 3881 1227 3936 qua

129 3953 210 4024 longe
228 3953 347 4024 plurima
365 3953 519 4024 fragmenta
537 3953 571 4008 ab
591 3953 740 4010 Eustathio
762 3956 870 4010 serrata
882 3969 932 4009 suo
943 3953 1001 4010 inre
1014 3953 1159 4024 desumpta
1171 3969 1231 4010 esse

129 4041 271 4099 contendit
293 4041 443 4099 Osannus.“
