2722 4628
538 412 756 475 ..31-

91 627 191 698 paucis
212 625 303 684 refert
322 607 462 685 Theodos.
485 621 575 682 Behk.
599 626 634 683 A.
657 624 692 683 G.
716 623 800 694 1045,
825 627 843 682 6
869 623 937 687 τινὲς
963 622 1087 698 ἐνόμισαν
1110 622 1144 680 τὰ
1165 622 1202 686 εἰς

91 721 125 798 Ec
144 721 301 799 πάντατῆς
322 721 446 785 Αἰολίδος
467 720 532 780 εἶναι
553 721 704 781 διαλέκτου·
738 720 827 796 πολλὴ
847 719 898 797 γάρ
920 720 973 778 ἐστι
993 719 1052 797 παρ’
1075 718 1164 783 αὐτοῖς
1183 721 1201 797 ἡ

94 819 182 898 sirpe}
213 819 369 896 κατάληξις,
395 819 501 895 γέλαιμι
524 819 574 896 γὰρ
600 818 645 878 καὶ
670 817 817 896 ἀουνέτημί
839 840 925 896 φασιν.
973 817 1029 876 ἀλλ’
1058 817 1202 896 ἐλέγχοιτο

92 918 125 978 ἐκ
144 921 263 991 πολλῶν,
292 918 407 994 μάλιστα
433 915 462 983 ἐξ
487 915 570 994 αὐτῆς
594 920 642 993 τῆς
655 915 790 982 κλίσεως·
833 914 929 975 ἐκεῖνοι
952 915 1002 993 γὰρ
1028 914 1129 992 ὁμοίως
1148 918 1203 980 τοῖς

93 1017 131 1081 εἰς
148 1020 174 1072 ω
196 1015 294 1076 καὶτὰ
316 1015 402 1091 elops
428 1014 544 1074 αλίνουοι
557 1013 673 1094 Ιγέλαιμι
696 1012 785 1088 γέλαις
809 1012 883 1087 γέλοια
909 1013 1038 1087 λέγοντες,
1070 1014 1148 1090 ἡμεῖς
1173 1013 1203 1072 δὲ

94 1113 146 1193 οὐχ
167 1112 254 1177 οὕτως
275 1112 345 1171 ἀλλὰ
364 1112 395 1170 τὸ
415 1110 504 1190 τρίτον
525 1110 562 1174 εἰς
582 1108 617 1180 ei,
638 1110 728 1170 fusius
742 1111 860 1183 exponit
874 1110 1012 1170 Choerob.
1033 1110 1112 1169 Dict.
1135 1111 1201 1177 842,

94 1213 132 1271 23
154 1212 274 1288 (Herod.
296 1212 324 1269 ll
346 1212 412 1282 825,
435 1210 475 1285 3).

176 1311 272 1381 Atque
286 1311 357 1368 haec
371 1310 484 1382 quidem
494 1307 666 1367 Heraclidae
679 1307 821 1365 sententia
833 1305 889 1364 fuit
903 1307 938 1366 de
952 1306 1084 1364 universa
1095 1307 1204 1379 origine

94 1407 247 1465 verborum
267 1409 297 1465 in
311 1405 356 1481 μἰ.
399 1407 448 1466 sed
469 1407 499 1463 in
520 1404 638 1478 singulis
658 1403 757 1462 formis
771 1420 842 1476 quas
863 1404 967 1462 statuit
986 1404 1153 1462 affectiones
1175 1408 1204 1463 et

94 1505 257 1572 anomalias,
275 1520 338 1562 cnm
352 1519 448 1562 omncs
459 1503 495 1561 ad
506 1502 679 1561 Aeolismum
692 1501 823 1559 revocari
839 1517 895 1559 non
908 1518 991 1573 posse
1005 1502 1200 1569 intellexisset,

95 1602 182 1660 aliam
202 1618 238 1659 ex
258 1603 316 1659 alia
337 1601 464 1660 Graecae
483 1601 597 1672 linguae
617 1599 738 1657 dialecto
760 1599 903 1670 repetivit.
944 1599 1150 1673 diphthongum
1175 1596 1202 1659 ῖι

95 1700 125 1757 in
145 1699 234 1757 verbo
256 1697 311 1774 εἰμί
329 1716 345 1757 c
365 1698 549 1758 Boeotiorum
571 1697 691 1756 dialecto
712 1697 742 1754 in
763 1712 939 1775 communem
960 1697 1088 1770 linguam
1110 1704 1204 1760 trans-

95 1796 151 1855 isse
182 1796 287 1856 docuit.
333 1797 526 1869 pleonasmum
556 1796 671 1853 litterae
697 1797 713 1852 ὀ
739 1811 821 1866 quem
862 1795 892 1852 in
919 1792 1017 1854 formis
1043 1794 1100 1854 ἐστι’
1124 1795 1205 1873 ἐσμέν

101 1891 162 1952 ἐστέ
181 1893 334 1966 indagasse
348 1893 403 1951 sibi
416 1893 492 1951 visus
513 1897 557 1950 est
570 1893 706 1951 Doricum
726 1892 909 1965 nuncupavit.
952 1893 1028 1963 quod
1041 1909 1092 1952 cur
1104 1893 1206 1953 fecerit

97 2007 155 2048 non
185 1990 273 2065 magis
304 1989 408 2048 scimus
434 2007 518 2061 quam
549 2006 600 2047 cur
624 1988 730 2048 formas
755 1989 933 2047 incohativas
958 1990 989 2047 in
1010 1993 1063 2050 οἶα
1082 1974 1205 2052 Dorioas

101 2088 219 2148 dixerit.
260 2093 345 2161 atque
370 2089 425 2146 hoc
450 2089 513 2147 loco
539 2088 614 2146 ratio
635 2087 773 2158 quaedam
794 2087 976 2145 memoranda
1000 2087 1114 2147 videtur
1149 2106 1206 2162 qua
1246 2091 1247 2095 ’

98 2187 129 2244 in
150 2186 280 2244 dialectis
296 2185 463 2244 adhibendis
473 2185 640 2243 Heraclides
652 2183 819 2255 frequenter
832 2200 901 2242 usus
915 2189 969 2242 cst:
995 2185 1032 2244 ad
1046 2185 1206 2245 formarum

100 2283 277 2355 quaumdam
307 2283 522 2341 similitudinem
547 2282 668 2339 aliorum
692 2281 845 2340 verborum
874 2280 980 2341 formas
1010 2282 1100 2356 finxit,
1134 2301 1206 2356 quae

98 2397 242 2452 nunqnam
272 2382 431 2452 exstabant,
453 2384 483 2438 et
503 2379 595 2437 eidem
620 2379 741 2437 dialecto
762 2380 916 2453 assignavit
940 2396 974 2438 ac
1000 2381 1045 2439 vel
1066 2383 1206 2442 exuuias

97 2477 178 2536 verbi
202 2478 390 2536 similitudine
415 2493 501 2535 novas
524 2476 632 2535 formas
655 2478 809 2550 expressit,
836 2482 868 2535 ut
888 2477 924 2535 de
950 2479 1011 2536 eius
1035 2479 1206 2539 formatione

99 2592 236 2634 canonem
268 2579 407 2634 statueret
436 2591 507 2633 neve
538 2574 609 2633 illud
639 2575 700 2632 sine
730 2575 865 2647 analogia
890 2579 973 2635 esset.
1024 2577 1100 2648 quod
1131 2578 1207 2651 apud

101 2673 220 2746 lbycum
233 2678 347 2745 poetam
367 2672 475 2731 formae
495 2673 634 2745 quaedam
654 2673 684 2729 in
704 2671 749 2746 ἠοῖ
768 2672 943 2745 legebantur,
965 2690 1035 2746 quas
1057 2659 1207 2733 indicatiri

96 2769 203 2828 formas
234 2786 296 2828 esse
327 2772 447 2843 putavit,
479 2769 509 2827 in
532 2754 730 2842 Rheginorum
759 2769 882 2828 dialecto
906 2771 1021 2829 tertiam
1053 2788 1205 2844 personam

99 2869 253 2941 singularis
283 2867 430 2927 indicativi
456 2869 607 2925 verborum
632 2866 845 2944 περισπωμένων
875 2873 923 2946 τῆς
953 2868 1063 2947 πρώτης
1088 2853 1209 2944 συζυγίας

101 2972 131 3023 et
151 2965 306 3044 βαρυτόνων
337 2966 448 3024 nonin
473 2963 599 3023 'alexina
624 2964 674 3023 scd
700 2965 730 3021 in
755 2964 800 3040 ῆῖι
821 2981 856 3023 ex
882 2966 962 3039 Ibyci
982 2967 1050 3025 locis
1071 2967 1207 3041 colligere

99 3080 182 3135 posse
202 3064 257 3120 sibi
276 3065 354 3122 risus
375 3067 427 3134 cst,
448 3063 595 3137 Rheginos
615 3063 703 3135 igitur
724 3062 818 3122 dicere
838 3062 913 3140 νόηαι
934 3062 1024 3141 lippos
1044 3062 1139 3142 φέρησι
1153 3082 1207 3139 pro

99 3163 158 3219 νοεῖ
166 3160 235 3235 λέγει
245 3160 327 3238 φέρει.
363 3164 448 3232 atque
461 3161 537 3218 hunc
550 3161 743 3233 Rheginorum
757 3177 838 3219 usum
848 3161 906 3219 iam
926 3161 1054 3221 Homero
1066 3163 1207 3236 cognitum

98 3257 186 3316 fuisse
212 3258 366 3330 contendit,
393 3274 456 3315 cum
477 3255 531 3316 Ee
548 3257 714 3336 παμφαίνῃσι
738 3257 875 3316 scriberet
895 3257 961 3333 (frg.
986 3260 1048 3334 41).
1090 3277 1124 3318 ex
1146 3262 1207 3319 solo

100 3356 182 3428 Ibyci
201 3361 305 3428 poetae
324 3373 377 3415 usu
398 3356 473 3414 male
493 3356 637 3414 intellecto
659 3355 840 3413 Heraclidem
864 3355 937 3413 hanc
958 3356 993 3414 de
1013 3357 1207 3429 Rheginorum

100 3454 222 3512 dialecto
248 3455 418 3512 sententiam
450 3453 504 3512 sibi
528 3453 643 3512 finxisse
673 3454 738 3511 luce
768 3453 874 3511 clarius
899 3452 975 3527 est¹).
1023 3469 1097 3524 quaa
1122 3470 1207 3525 quam

99 3551 174 3610 falsa
198 3551 236 3609 sit
265 3552 312 3609 vel
336 3551 403 3609 inde
424 3555 553 3624 apparet5
584 3550 659 3623 quod
683 3551 762 3609 nulla
782 3551 890 3610 Dorica
915 3567 982 3624 gens
1002 3551 1118 3609 tertiam
1142 3568 1206 3625 per·

172 3790 195 3858 ¹)
212 3788 292 3843 valde
310 3804 419 3844 mecum
436 3804 530 3846 omncs
549 3788 696 3844 miraturos
715 3804 777 3843 esse
796 3788 923 3857 arbitror,
942 3788 1015 3860 quod
1033 3787 1206 3844 Heraclidem

104 3877 217 3932 secutus
236 3880 280 3932 est
292 3876 457 3932 nodssimus
469 3876 587 3946 scriptor
603 3876 734 3931 historiae
745 3876 900 3933 litterarum
913 3875 1079 3934 Graecarum
1092 3875 1128 3934 .C.
1143 3876 1206 3933 Sittl

102 3965 222 4034 (1313):
242 3964 359 4035 „lbylros
378 3964 452 4032 gicht
469 3963 587 4020 na'mlich
607 3994 640 4006 -
660 3965 712 4021 ich
734 3966 851 4038 dauhtr,
870 3966 955 4023 nach
972 3965 1207 4036 rheginischer

102 4054 192 4110 Sitte
213 4083 243 4092 —
264 4052 314 4108 der
332 4055 357 4108 3.
374 4053 451 4110 Pers.
469 4053 518 4109 des
538 4055 613 4125 Sing.
636 4055 685 4111 der
707 4055 798 4112 Verba
821 4055 870 4112 eni
890 4056 924 4108 a„
947 4057 986 4112 im
1005 4056 1139 4112 Praesens
1162 4053 1207 4110 die

101 4140 219 4212 lindung
235 4160 280 4214 ηοι
297 4144 366 4198 statt
387 4145 432 4198 a!
