2722 4628
637 377 854 441 -10-

192 592 266 645 rant.
309 604 376 645 nam
397 605 460 647 cum
473 587 641 647 Eustathius
664 605 726 646 cum
741 589 838 647 multis
851 588 997 648 Ammonii
1018 590 1117 663 glossis
1131 591 1297 649 adverbum

193 685 339 757 conspiret
357 690 388 762 et
407 687 531 756 quinque
552 686 623 744 locis
645 685 685 760 (p.
709 688 776 756 831,
800 689 845 744 11.
867 688 933 760 855,
957 689 984 746 3.
1007 689 1073 754 906,
1096 690 1133 745 59
1154 711 1189 730 =
1212 690 1296 756 1871,

192 783 240 839 43.
264 783 349 849 1698,
378 783 423 840 87.
449 783 533 854 1787,
556 781 588 857 9)
620 799 655 841 ex
675 782 795 841 Erennii
815 783 944 840 Philonis
974 784 1048 840 libro
1078 783 1139 860 περὶ
1165 784 1298 863 διαφόρως

193 879 398 955 σημαινομένων
423 880 521 937 eadem
547 880 676 952 proferat
700 896 771 951 quae
792 880 956 939 Ammonius
983 880 1017 953 (s.
1039 898 1065 938 v.
1088 879 1193 959 ἄστρον.
1216 881 1296 946 οἶνος.

193 975 333 1053 ἀρρωδεῖν.
355 975 510 1052 ἀσφόδελος.
538 975 613 1053 νῆες)
635 977 758 1041 exhibet,
785 978 892 1034 Paulus
911 977 1079 1051 Leopardus
1104 979 1210 1049 aliique
1231 981 1297 1036 Ann-

192 1074 317 1132 moniani
341 1074 408 1132 libri
432 1091 531 1131 verum
556 1080 701 1133 auctorem
726 1091 783 1132 non
807 1074 989 1132 Ammonium
1014 1077 1064 1134 sed
1083 1075 1300 1135 Herennium

192 1169 374 1229 Philonem
394 1171 555 1243 Byblium
585 1171 671 1231 fuisse
702 1172 908 1230 iudicauerunt.
950 1178 1050 1230 contra
1069 1174 1245 1231 Valckenaer
1265 1174 1300 1231 de

191 1269 339 1328 Eustathii
359 1286 423 1328 cum
446 1269 598 1326 Ammonio
619 1269 731 1327 ratione
756 1270 797 1327 sic
822 1269 936 1327 statuit:
967 1270 1167 1340 „Eustatbium
1196 1270 1299 1343 legisse

192 1368 313 1424 eundem
344 1383 427 1437 quem
457 1367 593 1424 habemus
614 1365 760 1424 Ammonii
780 1367 907 1425 libellum
932 1374 962 1425 et
986 1368 1079 1425 simile
1100 1368 1187 1425 etiam
1213 1383 1300 1439 opus·

193 1466 287 1523 culum
307 1465 358 1522 sub
378 1465 491 1522 nomine
511 1463 652 1522 Herennii
671 1463 798 1522 Philonis
818 1481 876 1522 non
890 1465 997 1524 veteris
1018 1465 1101 1523 istius
1121 1465 1300 1537 grammatici

191 1562 289 1634 Byblii
314 1563 365 1620 sed
385 1559 536 1618 Ammonio
561 1562 648 1634 longe
668 1562 836 1620 recentioris
857 1562 905 1633 qui
925 1562 1015 1619 multa
1035 1563 1184 1619 Ammonio
1205 1561 1300 1619 suble-

192 1659 269 1731 gerit
290 1665 320 1716 et
340 1659 448 1718 clarum
466 1676 569 1717 nomen
582 1677 650 1718 suae
665 1660 773 1732 opellae
786 1659 945 1732 praefigere
959 1659 1099 1716 voluerit“
1122 1659 1162 1732 (p.
1177 1659 1296 1731 XXIV).

193 1761 224 1813 at
245 1757 367 1827 primum
388 1757 500 1827 quidem
520 1757 582 1828 quis
603 1757 769 1814 Ammonius
790 1757 843 1813 ille
859 1754 948 1812 fuerit
960 1772 1078 1827 prorsus
1092 1756 1233 1814 incertum
1247 1759 1299 1814 est.

192 1853 371 1911 Valckenaer
392 1855 500 1912 dnobus
527 1854 703 1926 argumentis
728 1854 814 1924 nisus,
847 1854 969 1924 primum
1000 1854 1075 1923 quod
1099 1854 1300 1925 grammaticus

192 1952 307 2009 saeculo
337 1952 429 2022 primo
459 1950 576 2009 inferior
602 1952 697 2009 nullus
727 1952 859 2008 laudetur
890 1951 993 2009 deinde
1023 1951 1099 2021 quod
1130 1951 1299 2008 Heraclides

102 2039 108 2049 ⁹
193 2050 395 2121 grammaticus
418 2050 502 2107 titulo
523 2051 570 2106 τοῦ
584 2048 718 2126 ἡμετέρου
733 2054 850 2107 ornatus
868 2051 905 2106 sit
925 2048 961 2124 (t.
976 2065 1002 2108 v.
1017 2047 1160 2124 σταφυλή),
1181 2047 1301 2105 Ammo-

192 2147 270 2202 nium
301 2162 382 2204 suum
412 2148 525 2204 saeculo
551 2164 579 2218 p.
601 2145 669 2205 Chr.
693 2165 722 2207 11.
754 2145 845 2218 primo
877 2163 927 2204 seu
958 2147 1009 2204 sub
1040 2145 1153 2202 initium
1184 2145 1301 2204 secundi

193 2242 323 2301 floruisse
347 2248 437 2315 putat.
484 2245 534 2302 sed
564 2244 732 2316 scriptorem
761 2243 828 2301 libri
859 2260 942 2316 quem
973 2243 1109 2300 habemus
1139 2243 1230 2314 primo
1255 2242 1301 2299 vel

193 2342 309 2399 ineunte
330 2342 453 2399 secundo
473 2343 586 2400 saeculo
607 2341 694 2399 fuisse
715 2345 748 2398 ut
769 2342 917 2398 credemus
936 2339 998 2397 fieri
1017 2356 1075 2397 non
1088 2344 1191 2412 potest.
1234 2354 1299 2396 con-

193 2439 266 2495 tinet
286 2438 359 2496 enim
379 2438 494 2496 libellus
514 2437 575 2515 περὶ
595 2437 696 2513 ὁμοίων
717 2437 763 2496 καὶ
789 2437 923 2514 διαφόρων
950 2435 1049 2501 λέξεων
1069 2438 1212 2508 permulta
1233 2437 1301 2493 doc-

192 2536 287 2592 trinae
307 2535 452 2595 inferioris
472 2537 576 2594 aetatis
597 2535 758 2608 specimina,
779 2551 851 2606 quae
872 2535 908 2592 ab
929 2535 1046 2605 antiquo
1062 2539 1091 2592 et
1105 2535 1189 2592 docto
1204 2552 1300 2607 gram-

193 2633 297 2691 matico
317 2633 445 2705 prolecta
465 2650 527 2691 esse
546 2633 725 2708 nequeunt.¹)
767 2631 894 2691 conferas
914 2649 941 2690 v.
962 2614 990 2704 g
1011 2633 1118 2704 glossas
1139 2631 1228 2708 ἀδεής.
1247 2629 1302 2688 ’A-

192 2729 281 2808 θῆναι.
305 2729 431 2809 ἄναρχον.
447 2730 566 2788 ἀπέθανε
582 2736 611 2788 et
624 2747 690 2787 vere
704 2730 836 2801 antiquas
850 2729 990 2808 ἀγχιστεῖς.
1012 2728 1102 2792 αἰδώς.
1127 2727 1206 2792 αἶνος.
1229 2728 1301 2804 ἅματ

193 2828 245 2886 has
265 2833 295 2886 et
314 2828 379 2885 illes
400 2827 435 2885 ab
458 2828 557 2885 codem
575 2827 763 2899 grammatico
781 2828 953 2899 compositas
966 2843 1028 2886 esse
1041 2828 1089 2883 vix
1104 2827 1210 2885 credes.
1245 2826 1303 2882 buc

194 2926 333 2983 accedunt
354 2941 410 2983 non
430 2925 509 2982 nulla
530 2941 601 2996 qnae
621 2925 762 2983 hominem
784 2924 975 2982 Christianum
995 2925 1120 2996 produnt
1141 2929 1170 2981 et
1190 2924 1303 2995 Byzan·

193 3023 296 3079 tinum:
329 3039 350 3080 s.
373 3039 398 3079 r.
421 3021 541 3097 ἐπίτιμος
565 3023 683 3094 respicit
703 3022 808 3095 Evang.
830 3022 901 3081 Luc.
923 3023 981 3080 VH
1001 3024 1033 3088 3;
1065 3037 1135 3079 av.
1158 3020 1304 3098 πειροσνής

194 3119 293 3178 Nilum
324 3120 465 3191 quendam
495 3121 664 3193 scriptorem
689 3121 880 3192 Byzantinum
910 3119 1018 3177 laudat.
1058 3120 1155 3191 itaque
1186 3119 1304 3190 optimis

195 3233 263 3274 sane
284 3218 461 3289 argumentis
487 3235 554 3276 usus
581 3223 624 3275 est
648 3218 693 3275 vir
718 3217 889 3274 clarissimus
920 3216 957 3273 ed
986 3217 1049 3274 veri
1080 3217 1205 3274 auctoris
1234 3217 1305 3274 libri

195 3318 320 3372 aetatem
352 3315 547 3388 definiendam,
578 3333 635 3374 non
658 3314 839 3389 Ammonii.²)
880 3315 985 3374 ueteris
1015 3314 1093 3372 illius
1123 3313 1305 3397 grammatici

267 3588 289 3652 ¹)
310 3604 379 3655 „nae
402 3587 520 3643 multum
545 3587 679 3643 falluntur
707 3588 755 3660 qui
782 3589 882 3644 librum
910 3578 967 3659 περὶ
994 3585 1123 3656 διαφόρων
1150 3584 1246 3653 λέξεων
1264 3585 1303 3640 ab

196 3675 310 3744 antiquo
330 3678 358 3731 et
376 3673 456 3729 docto
475 3675 653 3743 grammatico
673 3675 861 3746 conscriptum
874 3691 934 3730 esse
947 3675 1102 3744 opinantur.
1137 3675 1196 3728 tam
1213 3674 1304 3729 multa

197 3764 324 3819 continet
342 3765 370 3818 et
382 3765 522 3819 levissima
535 3767 563 3819 et
574 3763 734 3833 falsissima,
751 3767 783 3819 ut
795 3765 929 3835 sequioris
943 3765 1041 3819 aetatis
1053 3762 1223 3833 farraginem
1241 3779 1304 3818 esse

197 3851 381 3924 undecunque
399 3853 540 3908 collectam
558 3852 639 3909 facile
662 3854 846 3909 demonstrari
868 3853 987 3922 possit“=
1011 3855 1077 3907 sunt
1098 3853 1184 3908 verba
1202 3850 1301 3907 (lebeti

195 3940 241 4010 (N.
260 3940 292 3997 L.
311 3957 337 4010 p.
358 3942 430 4011 169).

271 4029 294 4097 ²)
312 4029 360 4084 alii
378 4031 541 4100 scriptorem
559 4031 646 4087 libelli
665 4047 726 4086 eum
740 4030 915 4086 Ammonium
928 4046 988 4085 esse
1007 4029 1110 4099 opinati
1128 4032 1201 4098 sunt,
1219 4044 1301 4102 quem

198 4135 261 4174 eum
282 4119 408 4176 Helladis
427 4120 542 4191 aliisque
561 4137 586 4176 a.
606 4121 658 4175 389
677 4137 705 4190 p.
724 4119 788 4177 Chr.
807 4138 835 4177 n.
852 4119 1021 4176 Alexandria
1039 4121 1148 4190 pulsum
1166 4119 1300 4176 Constan-
