2722 4628
569 432 784 496 ..27-

124 647 249 701 tractare
270 648 299 700 et
320 659 383 700 cum
404 643 561 702 Herodiani
581 643 761 715 potissimum
786 643 918 713 reliquiis
944 627 1111 716 comparare
1137 643 1232 701 licoat.

123 756 220 799 vocem
241 739 372 804 κέλευθος
393 759 410 798 a
434 742 520 799 verbo
552 739 659 800 ἐλεύθω
683 741 825 800 derivavit
845 747 875 799 et
895 742 1058 814 pleonasmo
1080 741 1194 801 litterae
1216 742 1234 801 i

124 854 159 896 ex
180 837 292 902 ἔλευθος
313 843 405 897 ortam
430 839 555 911 putavit,
588 839 675 896 simili
699 839 812 897 ratione
833 837 980 898 Καυλωνία
1001 856 1036 896 ex
1058 838 1184 898 Αύλωνία
1205 844 1235 899 et

123 935 256 1013 κανθήλια
287 954 322 995 ex
348 935 463 1013 ἀνθήλια
486 935 550 1009 (frg.
574 935 633 1012 56).
677 936 713 993 de
738 936 850 994 nomine
870 933 1019 994 Καυλωνία
1039 937 1234 996 Herodianum

124 1027 198 1092 idem
219 1035 340 1092 sensisse
361 1034 454 1091 tradit
473 1033 522 1092 Et.
543 1033 605 1106 Mg.
627 1035 695 1100 494,
719 1035 745 1093 9.
778 1039 808 1091 et
828 1034 927 1091 urbem
949 1034 984 1092 ab
1006 1034 1072 1093 aliis
1093 1032 1234 1093 Αύλωνύαν

123 1131 159 1190 ab
179 1132 244 1190 aliis
257 1129 421 1190 Καυλωνίαν
442 1133 601 1204 nuncupari
620 1134 653 1189 ut
666 1132 832 1190 Heraclides
851 1135 952 1190 testem
975 1131 1058 1191 affert
1078 1132 1235 1191 Characem

123 1229 165 1287 ita
186 1229 351 1303 Stephanus
371 1230 528 1303 Byzantius
550 1231 737 1288 Hecataeum:
771 1225 928 1286 Καυλωνία·
959 1229 1035 1292 πόλις
1051 1228 1176 1300 Ἰταλίας,
1201 1230 1235 1306 ἣν

124 1325 264 1385 Αύλωνύαν
275 1325 422 1391 Ἑκαταῖος
442 1330 523 1386 καλεῖ
541 1326 583 1385 διὰ
602 1327 633 1384 τὸ
655 1325 740 1403 μέσην
754 1324 875 1389 αὐλῶνος
890 1325 964 1386 εἶναι.
990 1343 1089 1386 vocem
1103 1327 1235 1391 κέλευθος

124 1425 159 1484 ab
182 1423 288 1483 ἐλεύθω
303 1425 435 1483 derivant
455 1425 543 1482 etiam
556 1425 612 1497 Ep.
626 1423 673 1482 Or.
690 1425 725 1484 A.
738 1423 770 1482 P.
785 1424 831 1482 III
845 1425 912 1496 360,
930 1427 948 1482 7
962 1425 1008 1482 Et
1024 1425 1083 1498 Mg.
1099 1427 1165 1498 502,
1182 1428 1233 1484 2l:

124 1528 221 1581 utrum
240 1538 309 1580 vcro
331 1539 366 1580 ex
386 1522 540 1581 Heraclide
566 1539 602 1580 an
628 1539 663 1580 ex
684 1520 848 1578 Herodiano
874 1522 1023 1579 hauserint
1048 1538 1103 1578 non
1134 1523 1233 1594 liquet.

126 1621 154 1678 in
185 1620 283 1679 multis
314 1620 408 1679 verbis
438 1622 633 1692 pleonasmnm
663 1620 779 1679 litterae
801 1621 814 1677 ν
836 1621 938 1679 statuit
968 1637 1088 1693 eumque
1120 1621 1236 1680 dialecti

125 1717 248 1776 Doricae
268 1717 415 1790 proprium
434 1718 559 1788 vocavit,
592 1722 624 1774 ut
649 1718 680 1776 in
705 1716 776 1775 δύνω
797 1716 871 1776 θύνω
893 1716 998 1776 ἐλαύνω
1021 1717 1112 1777 δάκνω
1134 1717 1235 1796 ἐρευνῶ

126 1821 154 1874 et
174 1816 304 1875 omnibus
324 1817 354 1874 ni
374 1817 461 1875 fallor
481 1817 576 1876 verbis
599 1817 630 1874 in
656 1817 719 1894 νῖμι
739 1817 789 1893 (cf.
811 1816 864 1890 frg.
886 1819 933 1876 20.
957 1818 1004 1876 21.
1027 1818 1074 1876 22.
1097 1815 1157 1892 23).
1200 1818 1236 1874 de

125 1914 218 1971 verbis
239 1919 317 1972 certe
338 1915 485 1987 berytonis
500 1913 570 1972 δύνω
585 1913 659 1973 θύνω
675 1913 779 1973 ἐλαύνω
796 1920 825 1973 et
844 1917 996 1973 contractis
1017 1915 1048 1972 in
1062 1911 1101 1972 νῖν
1116 1915 1236 1972 eandem

125 2011 215 2070 fuisse
230 2012 387 2070 Herodiani
408 2014 577 2071 sententiam
597 2013 760 2072 testimonio
781 2017 894 2071 constat
906 2013 1055 2071 Eustachii
1073 2030 1102 2085 p.
1117 2011 1184 2084 562,
1197 2015 1236 2071 43

125 2108 155 2166 τὸ
181 2109 211 2167 δὲ
244 2111 346 2185 δαμνᾶν
377 2110 548 2185 πλεονασμὸν
579 2112 636 2189 ἔχει
666 2111 713 2168 τού
742 2109 894 2187 νΔώριον,
926 2109 1017 2172 ὁποῖος
1046 2108 1144 2184 γίνεται
1174 2109 1235 2169 καθ’

123 2204 290 2284 Ἧρωδιανὸν
312 2206 357 2266 καὶ
372 2206 399 2264 ἐν
420 2209 460 2285 τῷ
482 2206 571 2267 ἐλαύω
594 2207 698 2266 ἐλαύνω
720 2206 775 2265 δύω
797 2207 867 2265 δύνω
888 2206 1003 2270 καὶτοῖς
1017 2206 1126 2283 ὁμοίαις.
1147 2208 1238 2266 Verba

127 2302 214 2362 ανύτω
237 2309 267 2362 et
288 2302 377 2382 αρύτω
399 2305 566 2364 Heraclides
586 2310 701 2378 praeter
727 2305 889 2378 analogiam
914 2309 944 2363 et
969 2310 1070 2363 contra
1100 2321 1237 2363 canonem

125 2399 250 2460 formata
264 2401 345 2474 dixit,
369 2403 445 2474 quod
463 2405 560 2461 cetera
573 2404 661 2461 verba
674 2403 704 2460 ln
718 2407 758 2460 id
773 2402 907 2461 exeuntia
921 2407 1015 2462 essent
1028 2404 1237 2476 perispomena.

126 2500 299 2558 anomaliam
318 2501 361 2558 ita
381 2501 550 2573 explicavit,
583 2507 616 2559 ut
646 2517 681 2559 ex
709 2498 781 2558 ἀνύω
809 2507 839 2558 ct
863 2499 938 2578 ἀρύω
964 2518 1017 2573 per
1041 2503 1236 2574 pleonasmum

127 2598 242 2656 litterae
263 2603 279 2656 ἒ
299 2602 364 2656 orta
385 2599 501 2671 diceret,
524 2614 607 2669 quem
629 2598 823 2671 pleonasmum
838 2597 1009 2671 Cypriorum
1031 2603 1061 2657 et
1074 2599 1238 2657 Atticorum

128 2695 260 2753 dialectis
286 2697 455 2769 assignavit:
489 2701 550 2754 tum
577 2698 697 2756 eundem
723 2696 919 2768 pleonasmum
944 2696 1048 2755 statuit
1071 2712 1129 2755 non
1153 2697 1236 2755 modo

127 2793 155 2850 in
176 2793 269 2857 πτύλις
289 2793 425 2869 πτόλεμος
446 2796 496 2854 sed
517 2795 604 2853 etiam
624 2795 654 2852 in
674 2794 769 2858 νυκτός
791 2792 914 2857 ἄνακτος.
956 2794 1035 2853 vides
1067 2812 1151 2866 quam
1180 2812 1237 2853 non

129 2890 234 2948 similia
264 2891 313 2948 uni
344 2893 463 2964 regulae
494 2893 663 2965 subiungere
691 2892 813 2950 studeat.
856 2892 891 2951 de
917 2891 1087 2965 Cypriorum
1115 2892 1236 2951 dialecto

129 2989 264 3061 cogitavit
293 2995 412 3061 propter
442 2989 532 3054 πτόλις
562 2990 697 3066 πτόλεμος
722 2990 827 3049 formas
848 3007 865 3048 a
886 2990 1000 3062 Cypriis
1021 3005 1133 3061 quoque
1153 3006 1237 3048 usur·

127 3091 209 3159 petas
242 3085 290 3161 (cf.
323 3088 369 3147 tit.
401 3087 471 3145 Idal.
505 3105 550 3160 ap.
575 3089 616 3148 M.
638 3087 779 3160 Schmidt,
811 3087 977 3160 Sammlung
997 3088 1080 3160 kypr.
1102 3088 1236 3163 luscha),

130 3183 250 3242 Atticae
277 3184 394 3243 dialecti
419 3185 564 3258 proprium
596 3187 671 3244 huno
695 3186 811 3244 litterae
840 3187 857 3242 i
886 3201 968 3242 usum
994 3184 1100 3242 dixisse
1124 3185 1238 3244 videtur

129 3287 248 3355 propter
279 3280 367 3340 ἀνύτω
399 3288 429 3341 ct
459 3281 548 3361 ἀρύτω
564 3273 565 3276 '
579 3283 685 3342 formas
712 3283 749 3342 ab
774 3284 878 3341 Atticis
904 3283 1055 3355 praecipue
1082 3283 1238 3344 adhibitas.

130 3378 312 3438 Herodianus
344 3381 464 3439 eundem
496 3397 632 3440 canonem
663 3398 747 3453 quem
778 3382 813 3440 do
837 3381 931 3440 verbis
956 3381 987 3439 in
1010 3383 1049 3438 fu
1070 3381 1238 3440 Heraclides

130 3477 233 3535 statuit
252 3478 315 3550 ipse
336 3479 465 3550 agnoscit
485 3479 521 3537 ab
542 3495 632 3550 eoque
653 3496 716 3538 cum
734 3479 792 3537 alia
809 3478 897 3538 verba
910 3486 972 3536 tum
986 3477 1074 3537 ἀνύτω
1096 3485 1126 3536 et
1147 3477 1237 3556 ἀρύτω

131 3575 230 3632 eximit
249 3579 282 3632 ut
306 3593 342 3633 ex
367 3575 439 3634 ἀνύω
468 3575 542 3654 ἀρύω
574 3581 649 3636 orta:
681 3577 755 3636 idem
774 3578 902 3637 litteram
920 3582 937 3634 ἒ
956 3578 986 3634 in
1008 3574 1122 3640 ἄνακτας
1143 3577 1238 3641 νυκτός

131 3673 265 3748 γάλακτος
291 3689 347 3732 non
372 3674 522 3747 genuinam
549 3691 611 3733 esse
635 3676 757 3748 putarit.
799 3675 850 3733 sed
871 3693 928 3733 non
947 3674 1064 3748 Cypriis
1084 3679 1114 3734 ct
1133 3675 1238 3735 Atticis

131 3770 206 3830 hunc
226 3773 419 3844 pleonasmum
439 3773 554 3839 tribuit;
576 3773 607 3829 in
626 3771 717 3836 πτύλις
737 3771 874 3848 πτόλεμος
895 3774 1021 3831 litteram
1041 3773 1058 3831 ἔ
1078 3772 1134 3831 ἔθει
1154 3794 1235 3848 ποιη-

132 3872 197 3946 τικῷ
219 3869 346 3927 additam
367 3869 542 3928 existimavit
561 3869 679 3946 (Herod.
700 3871 728 3928 H
744 3870 816 3944 ⁴292,
832 3869 897 3944 22).
939 3871 1011 3929 talia
1031 3871 1160 3944 exempla
1179 3886 1236 3928 non

133 3983 224 4039 pauca
245 3970 358 4025 exstant
382 3966 431 4025 ubi
456 3967 544 4025 verba
568 3968 654 4040 plane
681 3967 830 4026 dissimilia
850 3985 905 4026 uno
927 3985 1033 4027 canone
1054 3968 1237 4040 comprehcn-

135 4065 237 4123 duntur
272 4069 302 4122 et
336 4071 455 4139 propter
487 4065 610 4138 speciem
643 4067 784 4137 quandam
822 4066 1017 4126 similitudinis
1050 4067 1087 4125 ad
1120 4065 1238 4123 eandem

135 4162 286 4222 dialectum
317 4164 491 4223 referuntur
537 4161 657 4222 formam
689 4163 784 4239 μέντυν
820 4181 876 4236 qua
905 4167 936 4223 in
965 4165 1079 4238 vulgari
1110 4180 1240 4224 sermono
