2722 4628
571 409 790 474 ...25-

127 622 186 701 cepi
206 619 337 700 ῥημάτων
358 620 501 698 ἀναλογίας
521 622 676 701 βαρυτόνων
700 622 824 696 scripsit,
850 621 898 680 hic
922 637 1003 680 suam
1028 617 1236 678 deteriorum

126 720 298 781 formatione
319 719 478 779 doctrinam
498 721 631 794 exposuit
650 720 724 780 libro
746 735 828 793 quem
846 711 961 792 scripsit
980 717 1041 795 περὶ
1062 713 1234 793 poncello·

127 820 180 896 βων
201 815 341 896 ῥημάτων.
377 817 413 876 de
426 817 521 877 verbis
538 819 568 876 in
588 816 624 894 γἰῖ
644 817 720 896 (περί
736 819 792 875 τῶν
814 815 851 880 εἰς
870 813 906 891 pi
927 815 1063 893 ληγόντων
1082 811 1235 892 ῥημάτων),

127 932 199 988 quae
222 931 291 988 pars
316 913 371 974 iuit
394 901 463 974 libri
482 915 656 982 Heraclidei,
687 915 852 974 Demetrius
873 913 980 980 Ixion¹l
1012 918 1042 972 et
1063 912 1237 970 Philoxenus

126 1014 310 1086 scripserunt.
362 1029 378 1071 e
408 1013 605 1086 grammaticis
639 1012 792 1072 Heraclide
827 1002 1033 1086 posterioribus
1063 1007 1235 1082 Apollonius

126 1109 268 1184 Dyscolus
288 1111 318 1170 et
337 1111 367 1168 in
386 1111 551 1170 universum
570 1109 632 1188 cepi
652 1109 782 1188 ῥημάτων
801 1110 916 1184 scripsit
928 1114 958 1169 ot
971 1106 1158 1183 peculiariter
1177 1103 1238 1182 περὶ

126 1209 179 1266 τῶν
206 1206 299 1282 step?
324 1207 461 1285 ληγόντων
492 1206 622 1285 ῥημάτων
653 1207 835 1286 παραγώγωνς
869 1207 1049 1266 Herodianus
1079 1219 1152 1278 quae
1183 1203 1239 1260 hoc

127 1305 198 1369 libro
219 1305 392 1365 Heraclides
417 1307 551 1379 exposuit
576 1323 641 1365 cum
661 1306 725 1366 aliis
750 1305 834 1364 libris
866 1306 912 1381 (ut
931 1303 992 1382 περὶ
1012 1301 1126 1365 κλίσεως
1145 1298 1238 1380 ῥημά-

126 1424 188 1476 των,
210 1401 272 1481 περὶ
290 1405 346 1461 τῶν
367 1401 405 1467 εἰς
424 1401 469 1478 μῖ,
490 1402 551 1481 περὶ
572 1404 708 1481 μονήροος
728 1401 840 1479 λέξεως)
866 1407 928 1460 tum
948 1403 1038 1460 multa
1057 1400 1087 1459 111
1107 1416 1141 1458 oo
1162 1398 1238 1456 libro

128 1500 263 1559 111111νί1
281 1516 366 1572 quem
385 1499 447 1578 περὶ
467 1499 564 1560 παθῶν
584 1500 740 1575 inscripsit.
775 1501 827 1560 sed
847 1517 884 1559 ex
898 1500 944 1559 bis
964 1503 1024 1557 tam
1037 1497 1137 1556 multis
1157 1495 1238 1554 litte·

128 1612 223 1656 rarum
253 1598 441 1658 monumentis
471 1604 589 1672 praeter
609 1598 769 1659 Herodiani
799 1598 946 1658 doctrinae
977 1596 1139 1670 fragmenta
1166 1592 1239 1650 nihil

128 1693 185 1754 lere
205 1695 347 1768 reliquum
367 1700 418 1768 est,
441 1700 474 1754 ut
493 1696 667 1755 Heraclidae
687 1701 779 1755 artem
799 1712 862 1754 cum
883 1695 966 1754 unius
986 1691 1149 1752 Herodiaui
1167 1688 1238 1748 reli-

127 1792 200 1864 quis
221 1807 388 1866 comparare
413 1793 508 1852 liceat.
791 1800 793 1806 '

200 1890 296 1950 Utin
316 1890 456 1950 Prosodia
474 1889 626 1950 (iatholica
644 1891 687 1951 ita
707 1893 793 1950 etiam
813 1891 868 1949 hoc
888 1888 963 1947 libro
977 1887 1147 1946 Heraclides
1168 1902 1238 1944 ena-

125 1986 222 2062 logiae
241 1988 383 2047 rationem
402 1993 517 2048 secutus
537 1993 582 2047 est
606 2006 641 2048 ac
665 1989 788 2047 maxime
812 1989 843 2048 id
864 1989 929 2061 egit
962 1991 995 2044 ut
1015 1985 1129 2058 ungula
1148 1982 1238 2042 verba

125 2090 156 2144 et
174 2084 305 2158 singulas
329 2086 479 2146 verborum
509 2086 618 2145 formas
643 2087 681 2145 ad
711 2086 894 2158 aequalitatis
925 2100 1053 2143 normam
1083 2082 1236 2155 redigeret,

123 2182 283 2241 anomaliae
312 2188 448 2255 quantum
473 2188 569 2256 posset
595 2201 691 2243 omnes
712 2183 870 2257 explicaret
895 2183 942 2241 vel
962 2184 1121 2240 excusaret.
1162 2178 1238 2236 idem

122 2278 182 2338 iam
202 2279 364 2353 superiores
384 2281 480 2339 conati
501 2285 583 2339 erant
603 2280 791 2354 grammatici.
833 2284 919 2352 atque
941 2294 1005 2338 cum
1019 2294 1116 2336 omnes
1136 2278 1237 2335 verbo-

123 2393 190 2436 rum
209 2376 316 2436 formas
337 2383 367 2437 et
386 2379 482 2437 vanas
502 2379 568 2436 illas
588 2379 618 2436 in
638 2378 807 2438 declinando
834 2378 1006 2436 mutationes
1033 2393 1067 2435 ex
1087 2374 1238 2447 analogiae

123 2475 240 2536 ratione
260 2476 399 2549 explicari
419 2491 476 2533 non
496 2490 580 2548 posse
605 2477 820 2549 intellegerent,
853 2475 1012 2533 doctrinam
1037 2473 1116 2531 illam
1141 2469 1238 2528 παθῶν
1268 2551 1271 2556 ν

123 2589 146 2633 s
174 2573 356 2640 affectionum
382 2574 560 2646 invenerunt,
592 2590 649 2647 qua
678 2574 817 2648 genuinas
848 2573 1000 2632 uerborum
1023 2570 1131 2629 formas
1152 2568 1238 2627 certis
1319 2569 1322 2574 '

126 2670 327 2731 affectionibus
348 2676 497 2745 corruptas
517 2688 579 2732 esse
600 2673 733 2731 dicebant
752 2689 786 2730 ac
799 2671 951 2730 verberum
965 2666 1124 2728 difficilium
1137 2666 1237 2740 primi-

124 2768 215 2841 genia
235 2768 424 2846 (τρωτότυτα)
447 2769 614 2828 statuebant
633 2770 680 2829 ν11
701 2771 789 2828 etiam
808 2768 960 2843 fingebant,
983 2767 1085 2839 quibus
1106 2762 1238 2836 analogia

123 2866 335 2927 restitueretur.
376 2866 445 2926 satis
467 2872 565 2926 netum
590 2873 635 2926 est
659 2873 767 2939 quauta
791 2867 908 2925 licentia
928 2871 959 2925 et
982 2864 1099 2923 libidine
1128 2863 1158 2920 in
1183 2862 1238 2920 hac

124 2963 187 3042 περὶ
206 2962 305 3023 παθῶν
325 2964 455 3023 doctrina
480 2967 658 3039 grammatici
688 2966 799 3036 antiqui
819 2966 878 3023 sint
907 2963 1025 3030 versati,
1057 2978 1121 3020 cum
1152 2959 1238 3017 certis

127 3061 235 3120 normis
260 3077 319 3120 non
338 3063 501 3121 constitutis
521 3079 572 3120 suo
593 3064 711 3135 quisque
742 3062 863 3120 arbitrio
894 3061 978 3119 varia
1006 3057 1104 3116 παθῶν
1134 3071 1238 3129 genera

126 3158 302 3220 adbibuerit.
342 3165 376 3218 ut
394 3159 488 3219 Varro
514 3161 590 3221 del.
611 3161 630 3221 1.
652 3160 695 3220 Vl
718 3162 732 3218 l
761 3159 868 3218 diserte
895 3158 965 3216 dicit
997 3155 1123 3225 „omneis
1148 3152 1238 3210 verba
1267 3184 1273 3196 ·

128 3272 163 3314 ex
183 3256 278 3316 verbis
297 3257 340 3316 ita
361 3258 498 3317 declinari
524 3259 660 3326 scribunt,
692 3262 725 3316 ut
745 3259 834 3316 verba
854 3256 967 3313 litteras
997 3253 1056 3312 alia
1086 3252 1238 3311 adsumant

129 3353 188 3413 1111
216 3354 352 3413 omittant
382 3355 441 3413 1111
471 3360 674 3414 commutent“.
725 3371 825 3427 nempe
855 3351 995 3412 vocabula
1025 3356 1055 3409 et
1085 3347 1238 3408 verborum

129 3449 235 3510 formas
254 3452 298 3510 ita
319 3451 499 3525 explicabant
519 3456 550 3510 et
571 3453 609 3510 ad
628 3452 777 3525 analogiae
798 3467 926 3510 normam
943 3447 1126 3514 revocabant,
1147 3450 1181 3504 ut
1201 3446 1237 3504 ab

131 3549 231 3622 etymis
251 3547 361 3608 deflexa
381 3565 443 3609 esse
464 3550 593 3608 dicerent
617 3555 669 3608 aut
692 3550 852 3608 adiectione
884 3546 1070 3623 (πλεονασμῷ,
1101 3541 1237 3621 προσόδῳ,

133 3644 286 3722 προσθέσει,
315 3645 462 3715 insuetae,
488 3645 658 3725 adpertinet)
680 3652 731 3706 aut
752 3647 866 3706 defectu
887 3643 1026 3722 (ἐλλείψει,
1048 3640 1143 3719 ἐνδείᾳ,
1167 3641 1237 3700 ἀπο-

134 3743 208 3821 βολῇ,
230 3741 366 3821 ἐξαιρέσει,
380 3745 498 3822 παρέσει,
514 3744 655 3823 ἀποκοπῇ)
676 3750 726 3804 aut
739 3745 933 3803 contractione
946 3740 1113 3818 (αυναιρέσει,
1135 3737 1237 3817 κράσει,

138 3843 289 3919 συναλοιφῇ,
311 3842 447 3920 συγκοπρ)
469 3848 520 3901 aut
534 3843 718 3902 distractione
739 3841 887 3920 (διαιρέσει,
910 3837 1038 3909 διαλύσει,
1058 3835 1168 3912 τμήσει)
1188 3838 1238 3893 aut

201 4053 223 4124 ¹)
240 4053 315 4109 hunc
332 4053 362 4108 in
380 4052 548 4109 contrariam
566 4054 673 4124 partem
696 4052 731 4108 de
750 4051 887 4107 anomalia
903 4050 1047 4107 verborum
1064 4049 1094 4104 in
1113 4046 1237 4124 pEecrip·

139 4137 275 4198 1111111111
293 4141 383 4198 11111111
402 4143 452 4198 est
