2722 4628
634 404 851 467 ..12-

190 612 276 669 Eran.
299 612 373 670 Phil.
399 631 422 674 s.
449 630 475 674 ν.
501 613 646 672 ἁλίπαστον
673 620 702 672 11
722 614 804 675 Eust.
825 633 854 688 p.
881 616 965 687 1827,
989 616 1039 684 603
1067 615 1155 674 Eran.
1176 615 1249 674 Phil.
1272 632 1294 675 s.

189 725 216 766 v.
238 707 367 767 ἐνταυθοῖ
383 714 412 768 11
425 709 505 768 Eust.
528 728 556 783 p.
581 712 665 778 1839,
692 713 744 777 603
764 712 851 769 Eran.
871 710 946 772 Phil.
968 729 989 770 s.
1011 728 1038 771 v.
1061 713 1150 788 λαβεῖν
1171 712 1294 772 etEust.

190 823 218 879 p.
243 808 397 875 139111.
438 824 493 866 non
513 825 620 880 paucas
644 809 752 881 glossas
781 809 952 881 epitomator
971 809 1104 876 servavit,
1135 825 1205 880 quas
1225 810 1294 866 Am·

189 904 300 962 monins
313 905 519 976 praetermisit:
542 902 635 965 ἆθλον.
651 904 818 983 ἀστρολογία.
841 905 917 983 ἀνήρ.
933 905 1128 983 ἀπαράσκευος.
1148 905 1294 964 ἀπολείπει.

189 998 358 1077 ἀμφ1.β1’ὕς.
380 999 506 1077 qouque
528 999 616 1079 ἕρκος.
639 1001 739 1062 εἰκότα.
760 1001 912 1080 ἡσυχάζειν.
935 1000 1025 1080 μηρία.
1049 1005 1151 1078 μνᾶται.
1171 1001 1294 1077 usipetes.

189 1099 317 1176 φλαῦρον.
364 1098 439 1168 quod
469 1104 564 1158 autem
596 1100 754 1158 certissime
784 1100 960 1157 demonstrat
988 1115 1045 1155 non
1075 1099 1112 1156 ah
1141 1098 1295 1157 Ammonio

190 1196 315 1267 pendere
334 1196 475 1254 Eranium
494 1195 652 1269 Philonem,
681 1196 836 1270 glossarum
862 1195 933 1254 ordo
953 1196 1038 1253 huius
1058 1195 1147 1254 libelli
1168 1198 1204 1254 ab
1225 1197 1294 1254 Am-

189 1292 319 1349 moniano
340 1293 495 1366 discrepat:
518 1310 582 1351 cum
602 1292 771 1352 Ammonius
791 1294 896 1352 librum
916 1310 998 1350 suum
1012 1294 1164 1353 secundum
1183 1294 1296 1353 litteras

189 1388 231 1446 its
248 1391 467 1460 concinnaverit,
488 1396 521 1449 ut
531 1391 661 1450 binarum
674 1393 801 1464 priorum
815 1408 910 1450 curam
923 1392 1051 1464 haberet,
1073 1391 1245 1463 epitomator
1264 1390 1296 1448 in

190 1487 363 1546 adornandis
393 1489 495 1560 glossis
525 1491 608 1546 unius
639 1495 748 1547 tanturn
773 1490 887 1547 litterae
910 1489 1049 1547 rationem
1068 1489 1177 1546 hahuit.
1218 1487 1294 1558 quod

190 1584 226 1641 de
246 1585 443 1655 antiquissima
455 1585 547 1644 forma
564 1585 748 1645 Ammoniani
767 1587 833 1643 libri
847 1586 1025 1644 Valckenser
1046 1585 1148 1660 (praef.
1171 1602 1199 1657 p.
1220 1584 1293 1655 XII)

189 1681 367 1754 coniectent,
399 1682 430 1740 id
455 1682 525 1739 mihi
555 1683 592 1740 ad
616 1683 755 1741 Herennii
774 1683 902 1741 Philonis
933 1683 1037 1740 libmm
1065 1681 1294 1740 transferendum

188 1779 313 1836 videtur:
345 1777 507 1838 Herennius
527 1779 610 1838 Philo
634 1781 737 1838 librum
758 1797 840 1838 suum
861 1777 975 1838 ἄτακτον
996 1779 1174 1851 conscripsit,
1202 1779 1294 1850 epito-

188 1880 313 1934 matores
334 1881 363 1934 et
383 1877 583 1949 compilatores
603 1879 633 1934 in
653 1877 864 1949 alphabeticum
886 1878 1012 1934 ordinem
1032 1877 1211 1948 redegerunt,
1244 1875 1294 1932 sed

189 1973 222 2030 ut
242 1973 315 2030 alius
335 1973 421 2031 aliam
441 1975 579 2033 rationem
601 1972 800 2048 sequeretur.¹)
823 2006 859 2015 -
880 1972 1058 2030 Herennium
1071 1973 1220 2029 Philonem
1233 1972 1293 2043 By-

188 2070 280 2127 blium
299 2085 332 2126 re
352 2087 420 2128 vera
441 2071 476 2128 dc
498 2071 662 2131 differentiis
675 2071 823 2130 verborum
839 2072 994 2144 scripsisse,
1015 2071 1087 2128 nihil
1108 2072 1202 2128 obstat
1222 2087 1293 2141 quo-

188 2167 281 2225 mhius
301 2165 474 2227 confidenter
493 2173 662 2229 statuamus.
698 2186 761 2227 cum
782 2175 902 2228 exeunte
916 2169 1028 2228 saeculo
1048 2168 1141 2240 primo
1163 2173 1192 2226 et
1211 2167 1293 2225 initio

188 2265 306 2322 secundi
325 2264 411 2324 Philo
437 2266 557 2339 Byblius
583 2265 705 2339 floreret,
737 2267 806 2338 quid
835 2267 938 2323 mirum
969 2266 1043 2336 quod
1073 2281 1154 2323 nemo
1180 2265 1293 2322 saeculo

188 2361 279 2432 primo
300 2363 444 2420 recentior
462 2363 534 2435 apud
550 2361 733 2421 Ammonium
750 2361 904 2421 laudatur?
924 2360 1010 2432 quid?
1031 2362 1102 2420 illud
1112 2359 1294 2439 Ἡρακλείδης

189 2457 205 2514 ὁ
225 2457 358 2535 ἡμέτερος
378 2475 470 2517 nonne
490 2461 597 2532 optime
618 2461 784 2533 explicatur,
806 2461 831 2517 si
851 2459 999 2518 Philonem
1019 2460 1213 2518 existimamus
1233 2459 1293 2516 Hc-

188 2555 326 2612 raclidem
346 2557 492 2628 aequalem
517 2572 598 2613 suum
623 2557 734 2615 novisse
760 2573 824 2615 cum
850 2573 939 2628 coque
964 2557 1145 2615 familiariter
1168 2554 1293 2614 vixisse?

187 2668 241 2709 nec
265 2657 344 2711 certa
368 2653 532 2710 testimonia
562 2654 664 2712 desunt
694 2653 795 2724 quibus
826 2654 992 2712 differentiis
1023 2669 1242 2726 synonymorum
1263 2657 1294 2710 et

187 2748 421 2823 homonymorum
442 2750 616 2821 explicandis
642 2767 756 2823 operam
787 2751 898 2809 dedisse
918 2751 1051 2823 Byblium
1072 2752 1292 2809 demonstratur.

260 2989 281 3056 ¹)
300 2990 409 3057 praeter
431 2987 605 3043 Eustathium
629 2991 657 3043 et
678 2988 809 3044 Eraninm
831 2987 974 3044 Philonem
997 2987 1165 3044 Valckenaer
1192 2985 1294 3056 (praei.

185 3091 216 3144 p.
236 3075 310 3141 XVI)
337 3076 476 3132 Ammonii
503 3077 694 3146 compilatores
722 3077 793 3132 dixit
820 3077 952 3132 Thomsm
979 3077 1142 3146 Magistrum
1169 3074 1292 3130 Pseudo·

186 3163 371 3220 Ptolemaeum
388 3164 583 3220 Ascalonitam
603 3165 734 3236 (lyrillum
750 3165 946 3237 Etymologum
965 3164 1129 3221 Gudianum.
1165 3164 1217 3219 hoc
1235 3180 1293 3218 cer·

186 3258 246 3307 tum
274 3255 317 3307 est
343 3269 360 3306 a
388 3251 544 3308 Ptolemaeo
563 3254 612 3308 illo
638 3256 784 3324 personato
812 3254 931 3324 (Fabric.
959 3255 990 3308 B.
1013 3253 1046 3309 G.
1069 3253 1105 3309 Vl
1131 3254 1180 3308 157
1201 3253 1294 3322 seqq.)

187 3341 328 3396 Ammonii
345 3341 445 3397 librum
464 3358 519 3396 non
532 3359 592 3397 essa
606 3342 770 3414 adhibitum3
789 3359 853 3397 nam
872 3342 947 3412 apud
960 3359 1021 3397 aum
1034 3340 1139 3410 singula
1157 3339 1293 3395 vocabula

187 3429 247 3482 sine
264 3429 319 3483 ullo
338 3428 433 3484 ordine
455 3430 670 3500 subsequuntur,
689 3431 763 3502 quod
788 3430 925 3501 quomodo
948 3431 1008 3486 11111
1028 3429 1157 3499 potuerit,
1181 3427 1292 3481 111111-

188 3517 312 3571 monium
330 3517 483 3573 secundum
501 3517 609 3573 litteras
629 3518 792 3588 dispositum
811 3519 981 3588 expilaverit,
1000 3536 1054 3573 non
1067 3517 1155 3573 video.
1185 3514 1294 3570 necilli

186 3603 318 3659 lectiones
342 3605 482 3677 quaedam
504 3608 532 3660 et
554 3607 662 3676 glossae
680 3607 715 3662 ab
734 3609 880 3663 Ammonio
905 3608 1022 3663 omissae
1049 3623 1103 3662 non
1132 3619 1291 3660 communes

187 3695 252 3748 sunt
273 3708 335 3748 cum
353 3695 454 3750 liranio
473 3695 595 3752 Philone.
632 3695 714 3752 ceteri
736 3712 846 3767 quoqne
869 3695 1000 3767 (Thomas
1019 3696 1150 3764 Magister
1169 3691 1291 3762 Gyrillus

186 3782 377 3852 Etymologus)
398 3800 465 3838 num
488 3783 523 3839 ab
542 3785 687 3840 Ammonio
709 3785 847 3854 pendeant
873 3786 953 3841 valde
981 3785 1085 3840 dubito:
1115 3783 1162 3839 sed
1191 3782 1226 3837 da
1245 3781 1290 3835 his

187 3872 356 3927 accuratiora
377 3871 570 3942 disquisitione
592 3889 660 3942 opus
685 3876 735 3929 est.
772 3874 807 3928 ad
835 3873 1025 3943 compilatores
1053 3889 1121 3943 qnos
1151 3871 1291 3926 nominavi

188 3956 296 4015 aoc’edit
314 3958 433 4030 Symeon
451 3959 572 4031 quidam,
600 3961 676 4016 cuius
705 3959 815 4016 libellus
839 3961 988 4017 secundum
1010 3977 1103 4017 omnes
1122 3961 1229 4016 litteras
1249 3959 1289 4014 di·

188 4049 280 4116 gestus
299 4049 388 4104 exstat
410 4049 439 4103 in
458 4048 519 4104 cod.
537 4048 597 4104 Vat.
621 4065 661 4118 gr.
682 4049 749 4103 1362
776 4052 833 4118 &od
856 4053 930 4122 κυροῦ
954 4048 1053 4122 cupedia
1077 4048 1206 4123 συναγωγὴ
1225 4047 1288 4121 πρὸς

187 4133 324 4206 διαφόρους
342 4135 531 4208 σημαινομένων
551 4127 698 4208 σημασίας).
