<?xml version="1.0" encoding="UTF-8"?>
<!DOCTYPE html PUBLIC "-//W3C//DTD XHTML 1.0 Transitional//EN"
    "http://www.w3.org/TR/xhtml1/DTD/xhtml1-transitional.dtd">
<html xmlns="http://www.w3.org/1999/xhtml" xml:lang="en" lang="en">
 <head>
  <title>
</title>
<meta http-equiv="Content-Type" content="text/html;charset=utf-8" />
  <meta name='ocr-system' content='tesseract 3.04.00' />
  <meta name='ocr-capabilities' content='ocr_page ocr_carea ocr_par ocr_line ocrx_word'/>
</head>
<body>
  <div class='ocr_page' id='page_1' title='image "./deheraclidemile00cohngoog_0036.png"; bbox 0 0 2722 4628; ppageno 0'>
   <div class='ocr_carea' id='block_1_1' title="bbox 512 397 731 461">
    <p class='ocr_par' dir='ltr' id='par_1_1' title="bbox 512 397 731 461">
     <span class='ocr_line' id='line_1_1' title="bbox 512 397 731 461; baseline 0 -17"><span class='ocrx_word' id='word_1_1' title='bbox 512 397 731 461; x_wconf 74' lang='lat'>..29-</span> 
     </span>
    </p>
   </div>
   <div class='ocr_carea' id='block_1_2' title="bbox 24 606 1176 2348">
    <p class='ocr_par' dir='ltr' id='par_1_2' title="bbox 24 606 1176 2348">
     <span class='ocr_line' id='line_1_2' title="bbox 63 606 1176 688; baseline 0.004 -23"><span class='ocrx_word' id='word_1_2' title='bbox 63 623 149 667; x_wconf 87' lang='lat' dir='ltr'><strong>mena</strong></span> <span class='ocrx_word' id='word_1_3' title='bbox 162 607 275 666; x_wconf 86' lang='lat' dir='ltr'><strong>adiecta</strong></span> <span class='ocrx_word' id='word_1_4' title='bbox 286 606 377 666; x_wconf 85' lang='lat' dir='ltr'><strong>vocali</strong></span> <span class='ocrx_word' id='word_1_5' title='bbox 391 610 415 680; x_wconf 84' lang='grc' dir='ltr'><strong>ῡ,</strong></span> <span class='ocrx_word' id='word_1_6' title='bbox 429 607 528 679; x_wconf 84' lang='lat' dir='ltr'><strong>itaqua</strong></span> <span class='ocrx_word' id='word_1_7' title='bbox 541 624 575 669; x_wconf 88' lang='lat' dir='ltr'><strong>ex</strong></span> <span class='ocrx_word' id='word_1_8' title='bbox 589 606 647 685; x_wconf 85' lang='grc' dir='ltr'><strong>ὄρω</strong></span> <span class='ocrx_word' id='word_1_9' title='bbox 659 608 758 668; x_wconf 86' lang='lat' dir='ltr'><strong>Ionica</strong></span> <span class='ocrx_word' id='word_1_10' title='bbox 771 607 835 668; x_wconf 87' lang='lat' dir='ltr'><strong>fieri</strong></span> <span class='ocrx_word' id='word_1_11' title='bbox 848 607 932 688; x_wconf 73' lang='grc' dir='ltr'>ὁρόω,</span> <span class='ocrx_word' id='word_1_12' title='bbox 951 608 1027 683; x_wconf 90' lang='lat' dir='ltr'><strong>apud</strong></span> <span class='ocrx_word' id='word_1_13' title='bbox 1039 609 1176 669; x_wconf 90' lang='lat' dir='ltr'><strong>Boeotios</strong></span> 
     </span>
     <span class='ocr_line' id='line_1_3' title="bbox 64 704 1175 786; baseline 0.005 -25"><span class='ocrx_word' id='word_1_14' title='bbox 64 722 135 764; x_wconf 86' lang='lat' dir='ltr'><strong>vero</strong></span> <span class='ocrx_word' id='word_1_15' title='bbox 156 705 250 764; x_wconf 89' lang='lat' dir='ltr'><strong>vocali</strong></span> <span class='ocrx_word' id='word_1_16' title='bbox 268 706 286 763; x_wconf 78' lang='grc' dir='ltr'><strong>ἰν</strong></span> <span class='ocrx_word' id='word_1_17' title='bbox 307 721 391 779; x_wconf 83' lang='grc' dir='ltr'>οοορο</span> <span class='ocrx_word' id='word_1_18' title='bbox 412 705 530 779; x_wconf 82' lang='lat' dir='ltr'><strong>adiungi</strong></span> <span class='ocrx_word' id='word_1_19' title='bbox 549 706 678 767; x_wconf 82' lang='lat' dir='ltr'><strong>vocalem</strong></span> <span class='ocrx_word' id='word_1_20' title='bbox 698 708 723 774; x_wconf 79' lang='grc' dir='ltr'><strong>ὅ,</strong></span> <span class='ocrx_word' id='word_1_21' title='bbox 744 709 842 779; x_wconf 86' lang='lat' dir='ltr'><strong>itaque</strong></span> <span class='ocrx_word' id='word_1_22' title='bbox 862 723 898 766; x_wconf 85' lang='lat' dir='ltr'><strong>ex</strong></span> <span class='ocrx_word' id='word_1_23' title='bbox 918 704 991 785; x_wconf 80' lang='grc' dir='ltr'><strong>ἰρὺυ</strong></span> <span class='ocrx_word' id='word_1_24' title='bbox 1008 706 1072 766; x_wconf 77' lang='grc' dir='ltr'>θοοὶ</span> <span class='ocrx_word' id='word_1_25' title='bbox 1086 705 1175 786; x_wconf 80' lang='grc' dir='ltr'><strong>ὀροὺω</strong></span> 
     </span>
     <span class='ocr_line' id='line_1_4' title="bbox 65 801 1175 883; baseline 0.001 -20"><span class='ocrx_word' id='word_1_26' title='bbox 65 801 135 877; x_wconf 81' lang='lat' dir='ltr'><strong>(irg.</strong></span> <span class='ocrx_word' id='word_1_27' title='bbox 158 801 218 878; x_wconf 80' lang='lat'>24).</span> <span class='ocrx_word' id='word_1_28' title='bbox 251 802 372 862; x_wconf 86' lang='lat' dir='ltr'><strong>formam</strong></span> <span class='ocrx_word' id='word_1_29' title='bbox 385 801 568 862; x_wconf 79' lang='lat' dir='ltr'><strong>Homericam</strong></span> <span class='ocrx_word' id='word_1_30' title='bbox 582 803 762 883; x_wconf 77' lang='grc' dir='ltr'>εἰλήλουθμεν</span> <span class='ocrx_word' id='word_1_31' title='bbox 775 807 823 864; x_wconf 89' lang='lat' dir='ltr'><strong>vel</strong></span> <span class='ocrx_word' id='word_1_32' title='bbox 836 805 873 864; x_wconf 87' lang='lat' dir='ltr'><strong>ad</strong></span> <span class='ocrx_word' id='word_1_33' title='bbox 887 809 1023 878; x_wconf 88' lang='lat' dir='ltr'><strong>quattuor</strong></span> <span class='ocrx_word' id='word_1_34' title='bbox 1036 804 1175 864; x_wconf 73' lang='lat' dir='ltr'><strong>dialectos</strong></span> 
     </span>
     <span class='ocr_line' id='line_1_5' title="bbox 63 899 1175 977; baseline 0.004 -21"><span class='ocrx_word' id='word_1_35' title='bbox 63 901 223 960; x_wconf 87' lang='lat' dir='ltr'><strong>revocavit:</strong></span> <span class='ocrx_word' id='word_1_36' title='bbox 257 899 379 977; x_wconf 82' lang='grc' dir='ltr'>ἐλήλυθα</span> <span class='ocrx_word' id='word_1_37' title='bbox 399 917 461 960; x_wconf 89' lang='lat' dir='ltr'><strong>esse</strong></span> <span class='ocrx_word' id='word_1_38' title='bbox 481 900 640 974; x_wconf 81' lang='lat' dir='ltr'><strong>perlectum</strong></span> <span class='ocrx_word' id='word_1_39' title='bbox 660 904 800 971; x_wconf 74' lang='lat' dir='ltr'><strong>Atticum,</strong></span> <span class='ocrx_word' id='word_1_40' title='bbox 832 902 969 962; x_wconf 90' lang='lat' dir='ltr'><strong>Boeotios</strong></span> <span class='ocrx_word' id='word_1_41' title='bbox 989 902 1057 961; x_wconf 90' lang='lat' dir='ltr'><strong>hinc</strong></span> <span class='ocrx_word' id='word_1_42' title='bbox 1077 902 1175 962; x_wconf 86' lang='lat' dir='ltr'><strong>iacere</strong></span> 
     </span>
     <span class='ocr_line' id='line_1_6' title="bbox 63 996 1174 1078; baseline 0.009 -24"><span class='ocrx_word' id='word_1_43' title='bbox 63 996 217 1073; x_wconf 82' lang='grc' dir='ltr'>ἑλήλουθα,</span> <span class='ocrx_word' id='word_1_44' title='bbox 242 998 329 1058; x_wconf 90' lang='lat' dir='ltr'><strong>Iones</strong></span> <span class='ocrx_word' id='word_1_45' title='bbox 348 997 506 1075; x_wconf 73' lang='grc' dir='ltr'>εἰλήλουθα,</span> <span class='ocrx_word' id='word_1_46' title='bbox 534 999 655 1073; x_wconf 86' lang='lat' dir='ltr'><strong>deniqne</strong></span> <span class='ocrx_word' id='word_1_47' title='bbox 681 1018 716 1060; x_wconf 86' lang='lat' dir='ltr'><strong>ex</strong></span> <span class='ocrx_word' id='word_1_48' title='bbox 737 998 936 1078; x_wconf 79' lang='grc' dir='ltr'>εἰληλοὺθαρεν</span> <span class='ocrx_word' id='word_1_49' title='bbox 956 1017 1010 1074; x_wconf 90' lang='lat' dir='ltr'><strong>per</strong></span> <span class='ocrx_word' id='word_1_50' title='bbox 1029 1016 1174 1074; x_wconf 77' lang='lat' dir='ltr'><strong>syncopen</strong></span> 
     </span>
     <span class='ocr_line' id='line_1_7' title="bbox 63 1094 1174 1174; baseline 0.005 -22"><span class='ocrx_word' id='word_1_51' title='bbox 63 1095 215 1154; x_wconf 81' lang='lat' dir='ltr'><strong>Aeolicam</strong></span> <span class='ocrx_word' id='word_1_52' title='bbox 236 1100 331 1154; x_wconf 88' lang='lat' dir='ltr'><strong>ortum</strong></span> <span class='ocrx_word' id='word_1_53' title='bbox 352 1111 413 1155; x_wconf 87' lang='lat' dir='ltr'><strong>esse</strong></span> <span class='ocrx_word' id='word_1_54' title='bbox 434 1094 615 1173; x_wconf 82' lang='grc' dir='ltr'>εἰλήλουθμεν</span> <span class='ocrx_word' id='word_1_55' title='bbox 637 1097 704 1174; x_wconf 78' lang='lat' dir='ltr'><strong>(frg.</strong></span> <span class='ocrx_word' id='word_1_56' title='bbox 728 1097 790 1167; x_wconf 77' lang='lat'>31).</span> <span class='ocrx_word' id='word_1_57' title='bbox 826 1099 878 1158; x_wconf 89' lang='lat' dir='ltr'><strong>sed</strong></span> <span class='ocrx_word' id='word_1_58' title='bbox 899 1115 1013 1157; x_wconf 89' lang='lat' dir='ltr'><strong>causam</strong></span> <span class='ocrx_word' id='word_1_59' title='bbox 1033 1114 1085 1157; x_wconf 91' lang='lat' dir='ltr'><strong>cur</strong></span> <span class='ocrx_word' id='word_1_60' title='bbox 1106 1113 1174 1170; x_wconf 90' lang='lat' dir='ltr'><strong>syn·</strong></span> 
     </span>
     <span class='ocr_line' id='line_1_8' title="bbox 63 1193 1174 1272; baseline 0.003 -21"><span class='ocrx_word' id='word_1_61' title='bbox 63 1209 155 1264; x_wconf 85' lang='lat' dir='ltr'><strong>copon</strong></span> <span class='ocrx_word' id='word_1_62' title='bbox 175 1193 280 1252; x_wconf 77' lang='lat' dir='ltr'>dixerit</span> <span class='ocrx_word' id='word_1_63' title='bbox 297 1195 449 1253; x_wconf 86' lang='lat' dir='ltr'><strong>Aeolicam·</strong></span> <span class='ocrx_word' id='word_1_64' title='bbox 464 1211 519 1252; x_wconf 92' lang='lat' dir='ltr'><strong>non</strong></span> <span class='ocrx_word' id='word_1_65' title='bbox 541 1194 646 1256; x_wconf 88' lang='lat' dir='ltr'><strong>docuit.</strong></span> <span class='ocrx_word' id='word_1_66' title='bbox 677 1194 754 1272; x_wconf 78' lang='grc' dir='ltr'>πάθη</span> <span class='ocrx_word' id='word_1_67' title='bbox 777 1193 876 1261; x_wconf 80' lang='grc' dir='ltr'>λέξεων</span> <span class='ocrx_word' id='word_1_68' title='bbox 897 1211 982 1268; x_wconf 89' lang='lat' dir='ltr'><strong>quam</strong></span> <span class='ocrx_word' id='word_1_69' title='bbox 1001 1196 1060 1258; x_wconf 85' lang='lat' dir='ltr'><strong>late</strong></span> <span class='ocrx_word' id='word_1_70' title='bbox 1073 1199 1174 1269; x_wconf 89' lang='lat' dir='ltr'><strong>patere</strong></span> 
     </span>
     <span class='ocr_line' id='line_1_9' title="bbox 64 1291 1171 1366; baseline 0.003 -19"><span class='ocrx_word' id='word_1_71' title='bbox 64 1291 273 1349; x_wconf 79' lang='lat' dir='ltr'><strong>existimaverit</strong></span> <span class='ocrx_word' id='word_1_72' title='bbox 296 1291 468 1351; x_wconf 89' lang='lat' dir='ltr'><strong>Heraclides</strong></span> <span class='ocrx_word' id='word_1_73' title='bbox 488 1292 710 1354; x_wconf 88' lang='lat' dir='ltr'><strong>luculentissime</strong></span> <span class='ocrx_word' id='word_1_74' title='bbox 730 1293 860 1352; x_wconf 82' lang='lat' dir='ltr'><strong>declarat</strong></span> <span class='ocrx_word' id='word_1_75' title='bbox 879 1293 1036 1366; x_wconf 90' lang='lat' dir='ltr'><strong>disputatio</strong></span> <span class='ocrx_word' id='word_1_76' title='bbox 1057 1294 1093 1351; x_wconf 88' lang='lat' dir='ltr'><strong>de</strong></span> <span class='ocrx_word' id='word_1_77' title='bbox 1114 1293 1171 1350; x_wconf 74' lang='lat' dir='ltr'><strong>ori·</strong></span> 
     </span>
     <span class='ocr_line' id='line_1_10' title="bbox 63 1388 1170 1467; baseline 0.003 -22"><span class='ocrx_word' id='word_1_78' title='bbox 63 1388 128 1460; x_wconf 91' lang='lat' dir='ltr'><strong>gine</strong></span> <span class='ocrx_word' id='word_1_79' title='bbox 162 1388 241 1447; x_wconf 90' lang='lat' dir='ltr'><strong>verbi</strong></span> <span class='ocrx_word' id='word_1_80' title='bbox 266 1391 337 1467; x_wconf 78' lang='grc' dir='ltr'>ἔρρω</span> <span class='ocrx_word' id='word_1_81' title='bbox 359 1388 428 1465; x_wconf 82' lang='lat' dir='ltr'><strong>(ing.</strong></span> <span class='ocrx_word' id='word_1_82' title='bbox 452 1389 512 1465; x_wconf 82' lang='lat'><strong>19).</strong></span> <span class='ocrx_word' id='word_1_83' title='bbox 555 1391 630 1463; x_wconf 86' lang='lat' dir='ltr'><strong>qnod</strong></span> <span class='ocrx_word' id='word_1_84' title='bbox 650 1407 714 1449; x_wconf 89' lang='lat' dir='ltr'><strong>cum</strong></span> <span class='ocrx_word' id='word_1_85' title='bbox 734 1391 938 1465; x_wconf 83' lang='lat' dir='ltr'><strong>primigenium</strong></span> <span class='ocrx_word' id='word_1_86' title='bbox 958 1407 1020 1450; x_wconf 89' lang='lat' dir='ltr'><strong>esse</strong></span> <span class='ocrx_word' id='word_1_87' title='bbox 1040 1395 1170 1464; x_wconf 79' lang='lat' dir='ltr'><strong>negaret,</strong></span> 
     </span>
     <span class='ocr_line' id='line_1_11' title="bbox 64 1485 1171 1569; baseline 0.002 -24"><span class='ocrx_word' id='word_1_88' title='bbox 64 1486 131 1559; x_wconf 89' lang='lat' dir='ltr'><strong>qnia</strong></span> <span class='ocrx_word' id='word_1_89' title='bbox 162 1487 271 1545; x_wconf 90' lang='lat' dir='ltr'><strong>nullum</strong></span> <span class='ocrx_word' id='word_1_90' title='bbox 300 1488 379 1546; x_wconf 90' lang='lat' dir='ltr'><strong>alind</strong></span> <span class='ocrx_word' id='word_1_91' title='bbox 409 1487 528 1547; x_wconf 91' lang='lat' dir='ltr'><strong>verbum</strong></span> <span class='ocrx_word' id='word_1_92' title='bbox 558 1491 588 1548; x_wconf 91' lang='lat' dir='ltr'><strong>in</strong></span> <span class='ocrx_word' id='word_1_93' title='bbox 609 1485 667 1569; x_wconf 67' lang='grc' dir='ltr'>ρρῖν</span> <span class='ocrx_word' id='word_1_94' title='bbox 694 1488 827 1549; x_wconf 83' lang='lat' dir='ltr'><strong>exstabat</strong></span> <span class='ocrx_word' id='word_1_95' title='bbox 845 1490 876 1548; x_wconf 93' lang='lat' dir='ltr'><strong>in</strong></span> <span class='ocrx_word' id='word_1_96' title='bbox 895 1488 1010 1560; x_wconf 75' lang='lat' dir='ltr'><strong>vulgari</strong></span> <span class='ocrx_word' id='word_1_97' title='bbox 1031 1504 1171 1556; x_wconf 88' lang='lat' dir='ltr'><strong>sermone,</strong></span> 
     </span>
     <span class='ocr_line' id='line_1_12' title="bbox 64 1585 1170 1669; baseline 0.003 -28"><span class='ocrx_word' id='word_1_98' title='bbox 64 1586 135 1662; x_wconf 81' lang='grc' dir='ltr'>ἕρρω</span> <span class='ocrx_word' id='word_1_99' title='bbox 157 1585 315 1660; x_wconf 89' lang='lat' dir='ltr'><strong>Aeolicum</strong></span> <span class='ocrx_word' id='word_1_100' title='bbox 328 1602 391 1645; x_wconf 85' lang='lat' dir='ltr'><strong>esse</strong></span> <span class='ocrx_word' id='word_1_101' title='bbox 410 1587 467 1646; x_wconf 88' lang='lat' dir='ltr'><strong>sibi</strong></span> <span class='ocrx_word' id='word_1_102' title='bbox 479 1589 622 1669; x_wconf 87' lang='lat' dir='ltr'><strong>persuasit</strong></span> <span class='ocrx_word' id='word_1_103' title='bbox 636 1606 652 1648; x_wconf 91' lang='lat' dir='ltr'><strong>e</strong></span> <span class='ocrx_word' id='word_1_104' title='bbox 665 1588 783 1662; x_wconf 82' lang='lat' dir='ltr'><strong>vulgari·</strong></span> <span class='ocrx_word' id='word_1_105' title='bbox 792 1587 879 1646; x_wconf 91' lang='lat' dir='ltr'><strong>verbo</strong></span> <span class='ocrx_word' id='word_1_106' title='bbox 894 1585 957 1664; x_wconf 82' lang='grc' dir='ltr'>εἴρω</span> <span class='ocrx_word' id='word_1_107' title='bbox 972 1589 1067 1644; x_wconf 91' lang='lat' dir='ltr'><strong>ortum</strong></span> <span class='ocrx_word' id='word_1_108' title='bbox 1082 1591 1170 1657; x_wconf 90' lang='lat' dir='ltr'><strong>atque</strong></span> 
     </span>
     <span class='ocr_line' id='line_1_13' title="bbox 62 1681 1167 1763; baseline 0.001 -23"><span class='ocrx_word' id='word_1_109' title='bbox 62 1682 118 1740; x_wconf 92' lang='lat' dir='ltr'><strong>hoc</strong></span> <span class='ocrx_word' id='word_1_110' title='bbox 137 1698 156 1740; x_wconf 87' lang='lat' dir='ltr'><strong>a</strong></span> <span class='ocrx_word' id='word_1_111' title='bbox 175 1682 262 1741; x_wconf 90' lang='lat' dir='ltr'><strong>verbo</strong></span> <span class='ocrx_word' id='word_1_112' title='bbox 283 1681 387 1761; x_wconf 86' lang='grc' dir='ltr'>ρθείρω</span> <span class='ocrx_word' id='word_1_113' title='bbox 408 1685 450 1742; x_wconf 92' lang='lat' dir='ltr'><strong>ita</strong></span> <span class='ocrx_word' id='word_1_114' title='bbox 470 1684 619 1758; x_wconf 89' lang='lat' dir='ltr'><strong>derivavit,</strong></span> <span class='ocrx_word' id='word_1_115' title='bbox 640 1691 674 1744; x_wconf 91' lang='lat' dir='ltr'><strong>ut</strong></span> <span class='ocrx_word' id='word_1_116' title='bbox 696 1687 812 1744; x_wconf 88' lang='lat' dir='ltr'><strong>litterae</strong></span> <span class='ocrx_word' id='word_1_117' title='bbox 832 1684 954 1742; x_wconf 87' lang='lat' dir='ltr'><strong>initiales</strong></span> <span class='ocrx_word' id='word_1_118' title='bbox 975 1681 1015 1763; x_wconf 71' lang='grc' dir='ltr'><strong>ρθ</strong></span> <span class='ocrx_word' id='word_1_119' title='bbox 1035 1699 1087 1757; x_wconf 89' lang='lat' dir='ltr'><strong>per</strong></span> <span class='ocrx_word' id='word_1_120' title='bbox 1101 1700 1167 1755; x_wconf 91' lang='lat' dir='ltr'><strong>pro·</strong></span> 
     </span>
     <span class='ocr_line' id='line_1_14' title="bbox 63 1779 1167 1853; baseline 0.002 -17"><span class='ocrx_word' id='word_1_121' title='bbox 63 1795 154 1852; x_wconf 85' lang='lat' dir='ltr'><strong>copon</strong></span> <span class='ocrx_word' id='word_1_122' title='bbox 185 1781 350 1839; x_wconf 85' lang='lat' dir='ltr'><strong>exciderint.</strong></span> <span class='ocrx_word' id='word_1_123' title='bbox 392 1798 476 1853; x_wconf 87' lang='lat' dir='ltr'><strong>quam</strong></span> <span class='ocrx_word' id='word_1_124' title='bbox 501 1785 670 1842; x_wconf 88' lang='lat' dir='ltr'><strong>sententiam</strong></span> <span class='ocrx_word' id='word_1_125' title='bbox 691 1799 755 1842; x_wconf 91' lang='lat' dir='ltr'><strong>cum</strong></span> <span class='ocrx_word' id='word_1_126' title='bbox 776 1799 809 1841; x_wconf 90' lang='lat' dir='ltr'><strong>eo</strong></span> <span class='ocrx_word' id='word_1_127' title='bbox 831 1781 970 1853; x_wconf 85' lang='lat' dir='ltr'><strong>defendit,</strong></span> <span class='ocrx_word' id='word_1_128' title='bbox 1001 1779 1079 1853; x_wconf 87' lang='lat' dir='ltr'><strong>quod</strong></span> <span class='ocrx_word' id='word_1_129' title='bbox 1098 1779 1167 1838; x_wconf 82' lang='lat' dir='ltr'><strong>Ari-</strong></span> 
     </span>
     <span class='ocr_line' id='line_1_15' title="bbox 62 1875 1171 1957; baseline 0 -21"><span class='ocrx_word' id='word_1_130' title='bbox 62 1878 196 1936; x_wconf 88' lang='lat' dir='ltr'><strong>starchus</strong></span> <span class='ocrx_word' id='word_1_131' title='bbox 216 1879 302 1956; x_wconf 82' lang='grc' dir='ltr'>’έρρειν</span> <span class='ocrx_word' id='word_1_132' title='bbox 323 1880 399 1952; x_wconf 90' lang='lat' dir='ltr'><strong>apud</strong></span> <span class='ocrx_word' id='word_1_133' title='bbox 418 1880 577 1940; x_wconf 90' lang='lat' dir='ltr'><strong>Homerum</strong></span> <span class='ocrx_word' id='word_1_134' title='bbox 596 1882 803 1954; x_wconf 86' lang='lat' dir='ltr'><strong>interpretatus</strong></span> <span class='ocrx_word' id='word_1_135' title='bbox 824 1881 862 1938; x_wconf 91' lang='lat' dir='ltr'><strong>sit</strong></span> <span class='ocrx_word' id='word_1_136' title='bbox 882 1879 952 1956; x_wconf 80' lang='grc' dir='ltr'>μετὰ</span> <span class='ocrx_word' id='word_1_137' title='bbox 972 1877 1077 1957; x_wconf 77' lang='grc' dir='ltr'>φθορᾶς</span> <span class='ocrx_word' id='word_1_138' title='bbox 1093 1875 1171 1936; x_wconf 79' lang='grc' dir='ltr'>ἀπιέ-</span> 
     </span>
     <span class='ocr_line' id='line_1_16' title="bbox 63 1975 1170 2049; baseline 0.001 -18"><span class='ocrx_word' id='word_1_139' title='bbox 63 1997 117 2047; x_wconf 90' lang='grc' dir='ltr'>ναι,</span> <span class='ocrx_word' id='word_1_140' title='bbox 150 1980 211 2032; x_wconf 92' lang='lat' dir='ltr'><strong>tum</strong></span> <span class='ocrx_word' id='word_1_141' title='bbox 241 1975 368 2034; x_wconf 84' lang='lat' dir='ltr'><strong>deiectus</strong></span> <span class='ocrx_word' id='word_1_142' title='bbox 393 1977 454 2036; x_wconf 91' lang='lat' dir='ltr'><strong>eius</strong></span> <span class='ocrx_word' id='word_1_143' title='bbox 474 1977 637 2036; x_wconf 89' lang='lat' dir='ltr'><strong>litterarum</strong></span> <span class='ocrx_word' id='word_1_144' title='bbox 656 1978 811 2036; x_wconf 88' lang='lat' dir='ltr'><strong>initialinm</strong></span> <span class='ocrx_word' id='word_1_145' title='bbox 830 1978 877 2037; x_wconf 89' lang='lat' dir='ltr'><strong>vel</strong></span> <span class='ocrx_word' id='word_1_146' title='bbox 896 1976 1170 2049; x_wconf 86' lang='lat' dir='ltr'><strong>duarumexempla</strong></span> 
     </span>
     <span class='ocr_line' id='line_1_17' title="bbox 24 2072 1168 2152; baseline 0.006 -28"><span class='ocrx_word' id='word_1_147' title='bbox 24 2073 154 2150; x_wconf 22' lang='lat' dir='ltr'><strong>*multa</strong></span> <span class='ocrx_word' id='word_1_148' title='bbox 174 2073 315 2145; x_wconf 80' lang='lat' dir='ltr'><strong>congessit</strong></span> <span class='ocrx_word' id='word_1_149' title='bbox 338 2075 443 2146; x_wconf 88' lang='lat' dir='ltr'><strong>partim</strong></span> <span class='ocrx_word' id='word_1_150' title='bbox 469 2091 536 2134; x_wconf 89' lang='lat' dir='ltr'><strong>sans</strong></span> <span class='ocrx_word' id='word_1_151' title='bbox 555 2075 654 2147; x_wconf 86' lang='lat' dir='ltr'><strong>inepta</strong></span> <span class='ocrx_word' id='word_1_152' title='bbox 673 2080 707 2133; x_wconf 91' lang='lat' dir='ltr'><strong>ut</strong></span> <span class='ocrx_word' id='word_1_153' title='bbox 727 2072 816 2152; x_wconf 77' lang='grc' dir='ltr'>εἰράξ,</span> <span class='ocrx_word' id='word_1_154' title='bbox 838 2075 914 2146; x_wconf 88' lang='lat' dir='ltr'><strong>qnod</strong></span> <span class='ocrx_word' id='word_1_155' title='bbox 935 2090 972 2131; x_wconf 86' lang='lat' dir='ltr'><strong>ex</strong></span> <span class='ocrx_word' id='word_1_156' title='bbox 985 2072 1105 2152; x_wconf 78' lang='grc' dir='ltr'>πλευράξ</span> <span class='ocrx_word' id='word_1_157' title='bbox 1121 2090 1168 2132; x_wconf 93' lang='lat' dir='ltr'><strong>or-</strong></span> 
     </span>
     <span class='ocr_line' id='line_1_18' title="bbox 61 2168 1170 2250; baseline 0.004 -23"><span class='ocrx_word' id='word_1_158' title='bbox 61 2176 123 2228; x_wconf 83' lang='lat' dir='ltr'><strong>tum</strong></span> <span class='ocrx_word' id='word_1_159' title='bbox 143 2171 264 2243; x_wconf 77' lang='lat' dir='ltr'><strong>putavit,</strong></span> <span class='ocrx_word' id='word_1_160' title='bbox 286 2168 338 2248; x_wconf 74' lang='grc' dir='ltr'><strong>ἄλη</strong></span> <span class='ocrx_word' id='word_1_161' title='bbox 353 2171 476 2245; x_wconf 75' lang='grc' dir='ltr'>ἀλᾶσθαι,</span> <span class='ocrx_word' id='word_1_162' title='bbox 502 2190 574 2244; x_wconf 83' lang='lat' dir='ltr'><strong>quae</strong></span> <span class='ocrx_word' id='word_1_163' title='bbox 585 2189 620 2230; x_wconf 82' lang='lat' dir='ltr'><strong>ex</strong></span> <span class='ocrx_word' id='word_1_164' title='bbox 634 2171 723 2250; x_wconf 80' lang='grc' dir='ltr'>πλάνη</span> <span class='ocrx_word' id='word_1_165' title='bbox 738 2171 890 2232; x_wconf 76' lang='grc' dir='ltr'>πλανᾶσθαι</span> <span class='ocrx_word' id='word_1_166' title='bbox 903 2173 1052 2232; x_wconf 79' lang='lat' dir='ltr'><strong>derivavit.</strong></span> <span class='ocrx_word' id='word_1_167' title='bbox 1084 2178 1170 2244; x_wconf 74' lang='lat' dir='ltr'><strong>atque</strong></span> 
     </span>
     <span class='ocr_line' id='line_1_19' title="bbox 61 2268 1170 2348; baseline 0.005 -21"><span class='ocrx_word' id='word_1_168' title='bbox 61 2269 99 2327; x_wconf 86' lang='lat' dir='ltr'><strong>ad</strong></span> <span class='ocrx_word' id='word_1_169' title='bbox 119 2272 231 2326; x_wconf 88' lang='lat' dir='ltr'><strong>tantam</strong></span> <span class='ocrx_word' id='word_1_170' title='bbox 250 2271 469 2341; x_wconf 87' lang='lat' dir='ltr'><strong>perversitatem</strong></span> <span class='ocrx_word' id='word_1_171' title='bbox 489 2272 637 2343; x_wconf 90' lang='lat' dir='ltr'><strong>processit,</strong></span> <span class='ocrx_word' id='word_1_172' title='bbox 657 2276 692 2328; x_wconf 91' lang='lat' dir='ltr'><strong>ut</strong></span> <span class='ocrx_word' id='word_1_173' title='bbox 705 2272 743 2329; x_wconf 87' lang='lat' dir='ltr'><strong>ab</strong></span> <span class='ocrx_word' id='word_1_174' title='bbox 757 2271 855 2330; x_wconf 89' lang='lat' dir='ltr'><strong>eodem</strong></span> <span class='ocrx_word' id='word_1_175' title='bbox 868 2269 956 2329; x_wconf 90' lang='lat' dir='ltr'><strong>verbo</strong></span> <span class='ocrx_word' id='word_1_176' title='bbox 970 2268 1074 2348; x_wconf 79' lang='grc' dir='ltr'>φθείρου</span> <span class='ocrx_word' id='word_1_177' title='bbox 1088 2269 1170 2334; x_wconf 83' lang='lat' dir='ltr'><strong>falsie</strong></span> 
     </span>
    </p>
   </div>
   <div class='ocr_carea' id='block_1_3' title="bbox 59 2365 1248 3029">
    <p class='ocr_par' dir='ltr' id='par_1_3' title="bbox 60 2365 1248 2738">
     <span class='ocr_line' id='line_1_20' title="bbox 61 2365 1168 2446; baseline 0.002 -22"><span class='ocrx_word' id='word_1_178' title='bbox 61 2366 201 2439; x_wconf 80' lang='lat' dir='ltr'><strong>analogiis</strong></span> <span class='ocrx_word' id='word_1_179' title='bbox 225 2383 293 2425; x_wconf 88' lang='lat' dir='ltr'><strong>osus</strong></span> <span class='ocrx_word' id='word_1_180' title='bbox 313 2366 401 2426; x_wconf 88' lang='lat' dir='ltr'><strong>verba</strong></span> <span class='ocrx_word' id='word_1_181' title='bbox 421 2366 489 2445; x_wconf 83' lang='grc' dir='ltr'>αἴρω</span> <span class='ocrx_word' id='word_1_182' title='bbox 511 2375 541 2426; x_wconf 90' lang='lat' dir='ltr'><strong>et</strong></span> <span class='ocrx_word' id='word_1_183' title='bbox 561 2365 628 2446; x_wconf 80' lang='grc' dir='ltr'>ῥοίω</span> <span class='ocrx_word' id='word_1_184' title='bbox 646 2368 804 2434; x_wconf 87' lang='lat' dir='ltr'><strong>derivaret.</strong></span> <span class='ocrx_word' id='word_1_185' title='bbox 845 2367 908 2426; x_wconf 91' lang='lat' dir='ltr'><strong>iure</strong></span> <span class='ocrx_word' id='word_1_186' title='bbox 928 2368 1003 2426; x_wconf 87' lang='lat' dir='ltr'><strong>hane</strong></span> <span class='ocrx_word' id='word_1_187' title='bbox 1023 2372 1083 2426; x_wconf 85' lang='lat' dir='ltr'><strong>tam</strong></span> <span class='ocrx_word' id='word_1_188' title='bbox 1104 2385 1168 2440; x_wconf 86' lang='lat' dir='ltr'><strong>per·</strong></span> 
     </span>
     <span class='ocr_line' id='line_1_21' title="bbox 60 2463 1248 2540; baseline 0.003 -19"><span class='ocrx_word' id='word_1_189' title='bbox 60 2478 172 2523; x_wconf 86' lang='lat' dir='ltr'><strong>versam</strong></span> <span class='ocrx_word' id='word_1_190' title='bbox 203 2470 295 2524; x_wconf 89' lang='lat' dir='ltr'><strong>artem</strong></span> <span class='ocrx_word' id='word_1_191' title='bbox 316 2465 533 2539; x_wconf 79' lang='lat' dir='ltr'><strong>etymologicam</strong></span> <span class='ocrx_word' id='word_1_192' title='bbox 554 2466 707 2539; x_wconf 86' lang='lat' dir='ltr'><strong>castigavit</strong></span> <span class='ocrx_word' id='word_1_193' title='bbox 725 2465 909 2524; x_wconf 86' lang='lat' dir='ltr'><strong>Herodianus</strong></span> <span class='ocrx_word' id='word_1_194' title='bbox 930 2488 965 2528; x_wconf 71' lang='lat' dir='ltr'><strong>ea,</strong></span> <span class='ocrx_word' id='word_1_195' title='bbox 981 2487 1041 2540; x_wconf 87' lang='grc' dir='ltr'>μον.</span> <span class='ocrx_word' id='word_1_196' title='bbox 1064 2463 1117 2531; x_wconf 59' lang='grc' dir='ltr'><strong>λέξ,</strong></span> <span class='ocrx_word' id='word_1_197' title='bbox 1139 2466 1169 2524; x_wconf 95' lang='lat' dir='ltr'><strong>II</strong></span> <span class='ocrx_word' id='word_1_198' title='bbox 1245 2517 1248 2524; x_wconf 88' lang='lat'>.</span> 
     </span>
     <span class='ocr_line' id='line_1_22' title="bbox 61 2561 1167 2641; baseline -0.001 -20"><span class='ocrx_word' id='word_1_199' title='bbox 61 2562 128 2634; x_wconf 79' lang='grc'>948,</span> <span class='ocrx_word' id='word_1_200' title='bbox 152 2565 191 2622; x_wconf 80' lang='lat'><strong>30</strong></span> <span class='ocrx_word' id='word_1_201' title='bbox 212 2564 282 2640; x_wconf 74' lang='grc' dir='ltr'>ἔρροι</span> <span class='ocrx_word' id='word_1_202' title='bbox 305 2609 312 2623; x_wconf 90' lang='grc'>,</span> <span class='ocrx_word' id='word_1_203' title='bbox 334 2606 341 2621; x_wconf 88' lang='grc'><strong>.</strong></span> <span class='ocrx_word' id='word_1_204' title='bbox 364 2607 370 2620; x_wconf 94' lang='grc'><strong>.</strong></span> <span class='ocrx_word' id='word_1_205' title='bbox 394 2563 467 2641; x_wconf 83' lang='grc' dir='ltr'>εἴπερ</span> <span class='ocrx_word' id='word_1_206' title='bbox 488 2561 535 2622; x_wconf 76' lang='grc' dir='ltr'>οὖν</span> <span class='ocrx_word' id='word_1_207' title='bbox 556 2562 699 2632; x_wconf 60' lang='lat' dir='ltr'><strong>Atellata·</strong></span> <span class='ocrx_word' id='word_1_208' title='bbox 718 2561 847 2641; x_wconf 62' lang='grc' dir='ltr'>ζητητέον</span> <span class='ocrx_word' id='word_1_209' title='bbox 868 2561 895 2621; x_wconf 82' lang='grc' dir='ltr'><strong>τί</strong></span> <span class='ocrx_word' id='word_1_210' title='bbox 913 2561 994 2622; x_wconf 75' lang='grc' dir='ltr'>αὐτοῦ</span> <span class='ocrx_word' id='word_1_211' title='bbox 1015 2561 1049 2640; x_wconf 76' lang='grc' dir='ltr'><strong>ἦν</strong></span> <span class='ocrx_word' id='word_1_212' title='bbox 1070 2561 1167 2623; x_wconf 81' lang='grc' dir='ltr'>κοινόν.</span> 
     </span>
     <span class='ocr_line' id='line_1_23' title="bbox 60 2657 1025 2738; baseline 0.004 -22"><span class='ocrx_word' id='word_1_213' title='bbox 60 2657 92 2716; x_wconf 77' lang='grc' dir='ltr'>οὐ</span> <span class='ocrx_word' id='word_1_214' title='bbox 112 2658 163 2737; x_wconf 72' lang='grc' dir='ltr'><strong>γὰρ</strong></span> <span class='ocrx_word' id='word_1_215' title='bbox 184 2658 249 2718; x_wconf 73' lang='grc' dir='ltr'>αὐτὸ</span> <span class='ocrx_word' id='word_1_216' title='bbox 269 2661 299 2718; x_wconf 82' lang='grc' dir='ltr'><strong>τὸ</strong></span> <span class='ocrx_word' id='word_1_217' title='bbox 321 2659 433 2738; x_wconf 76' lang='grc' dir='ltr'>φθείρου,</span> <span class='ocrx_word' id='word_1_218' title='bbox 455 2661 493 2724; x_wconf 80' lang='grc' dir='ltr'><strong>ὡς</strong></span> <span class='ocrx_word' id='word_1_219' title='bbox 515 2659 616 2719; x_wconf 82' lang='grc' dir='ltr'>οἴονταί</span> <span class='ocrx_word' id='word_1_220' title='bbox 634 2683 711 2725; x_wconf 77' lang='grc' dir='ltr'>τινες.</span> <span class='ocrx_word' id='word_1_221' title='bbox 1023 2688 1025 2692; x_wconf 66' lang='grc'>’</span> 
     </span>
    </p>

    <p class='ocr_par' dir='ltr' id='par_1_4' title="bbox 59 2747 1169 3029">
     <span class='ocr_line' id='line_1_24' title="bbox 139 2747 1169 2836; baseline 0 -20"><span class='ocrx_word' id='word_1_222' title='bbox 139 2759 233 2816; x_wconf 89' lang='lat' dir='ltr'><strong>Multa</strong></span> <span class='ocrx_word' id='word_1_223' title='bbox 257 2758 417 2832; x_wconf 85' lang='lat' dir='ltr'><strong>fragmenta</strong></span> <span class='ocrx_word' id='word_1_224' title='bbox 440 2758 614 2819; x_wconf 82' lang='lat' dir='ltr'><strong>Heraclides</strong></span> <span class='ocrx_word' id='word_1_225' title='bbox 638 2759 669 2818; x_wconf 91' lang='lat' dir='ltr'><strong>in</strong></span> <span class='ocrx_word' id='word_1_226' title='bbox 693 2757 792 2818; x_wconf 85' lang='lat' dir='ltr'><strong>formis</strong></span> <span class='ocrx_word' id='word_1_227' title='bbox 816 2758 967 2817; x_wconf 89' lang='lat' dir='ltr'><strong>verborum</strong></span> <span class='ocrx_word' id='word_1_228' title='bbox 987 2759 1017 2816; x_wconf 93' lang='lat' dir='ltr'><strong>in</strong></span> <span class='ocrx_word' id='word_1_229' title='bbox 1036 2747 1072 2836; x_wconf 66' lang='grc' dir='ltr'><strong>ρῖ</strong></span> <span class='ocrx_word' id='word_1_230' title='bbox 1094 2762 1169 2816; x_wconf 89' lang='lat' dir='ltr'><strong>trac·</strong></span> 
     </span>
     <span class='ocr_line' id='line_1_25' title="bbox 60 2856 1169 2930; baseline -0.003 -12"><span class='ocrx_word' id='word_1_231' title='bbox 60 2857 157 2918; x_wconf 82' lang='lat' dir='ltr'><strong>tendis</strong></span> <span class='ocrx_word' id='word_1_232' title='bbox 176 2861 335 2918; x_wconf 89' lang='lat' dir='ltr'><strong>versantur.</strong></span> <span class='ocrx_word' id='word_1_233' title='bbox 363 2873 533 2930; x_wconf 88' lang='lat' dir='ltr'><strong>magnopere</strong></span> <span class='ocrx_word' id='word_1_234' title='bbox 547 2857 701 2916; x_wconf 90' lang='lat' dir='ltr'><strong>dolendum</strong></span> <span class='ocrx_word' id='word_1_235' title='bbox 715 2862 760 2916; x_wconf 89' lang='lat' dir='ltr'><strong>est</strong></span> <span class='ocrx_word' id='word_1_236' title='bbox 774 2857 850 2930; x_wconf 89' lang='lat' dir='ltr'><strong>quod</strong></span> <span class='ocrx_word' id='word_1_237' title='bbox 863 2856 1030 2917; x_wconf 86' lang='lat' dir='ltr'><strong>Eustathius</strong></span> <span class='ocrx_word' id='word_1_238' title='bbox 1043 2856 1169 2930; x_wconf 88' lang='lat' dir='ltr'><strong>plerum-</strong></span> 
     </span>
     <span class='ocr_line' id='line_1_26' title="bbox 59 2940 1169 3029; baseline 0.001 -18"><span class='ocrx_word' id='word_1_239' title='bbox 59 2970 114 3027; x_wconf 87' lang='lat' dir='ltr'><strong>que</strong></span> <span class='ocrx_word' id='word_1_240' title='bbox 135 2953 337 3018; x_wconf 83' lang='lat' dir='ltr'><strong>adnotamenta</strong></span> <span class='ocrx_word' id='word_1_241' title='bbox 357 2955 473 3014; x_wconf 85' lang='lat' dir='ltr'><strong>exhibet</strong></span> <span class='ocrx_word' id='word_1_242' title='bbox 493 2956 618 3029; x_wconf 84' lang='lat' dir='ltr'><strong>abrupta</strong></span> <span class='ocrx_word' id='word_1_243' title='bbox 638 2960 667 3014; x_wconf 91' lang='lat' dir='ltr'><strong>et</strong></span> <span class='ocrx_word' id='word_1_244' title='bbox 686 2940 817 3014; x_wconf 87' lang='lat' dir='ltr'><strong>lacerata</strong></span> <span class='ocrx_word' id='word_1_245' title='bbox 838 2958 868 3011; x_wconf 93' lang='lat' dir='ltr'><strong>et</strong></span> <span class='ocrx_word' id='word_1_246' title='bbox 888 2953 959 3015; x_wconf 92' lang='lat' dir='ltr'><strong>adeo</strong></span> <span class='ocrx_word' id='word_1_247' title='bbox 979 2970 1036 3013; x_wconf 92' lang='lat' dir='ltr'><strong>non</strong></span> <span class='ocrx_word' id='word_1_248' title='bbox 1057 2954 1169 3028; x_wconf 89' lang='lat' dir='ltr'><strong>perspi-</strong></span> 
     </span>
    </p>
   </div>
   <div class='ocr_carea' id='block_1_4' title="bbox 48 3050 1170 3515">
    <p class='ocr_par' dir='ltr' id='par_1_5' title="bbox 48 3050 1170 3515">
     <span class='ocr_line' id='line_1_27' title="bbox 59 3050 1169 3125; baseline 0 -16"><span class='ocrx_word' id='word_1_249' title='bbox 59 3068 121 3123; x_wconf 89' lang='lat' dir='ltr'><strong>cua,</strong></span> <span class='ocrx_word' id='word_1_250' title='bbox 153 3058 187 3109; x_wconf 89' lang='lat' dir='ltr'><strong>nt</strong></span> <span class='ocrx_word' id='word_1_251' title='bbox 216 3068 312 3110; x_wconf 89' lang='lat' dir='ltr'><strong>veram</strong></span> <span class='ocrx_word' id='word_1_252' title='bbox 344 3059 374 3111; x_wconf 92' lang='lat' dir='ltr'><strong>et</strong></span> <span class='ocrx_word' id='word_1_253' title='bbox 403 3053 545 3125; x_wconf 84' lang='lat' dir='ltr'><strong>integram</strong></span> <span class='ocrx_word' id='word_1_254' title='bbox 566 3051 738 3112; x_wconf 88' lang='lat' dir='ltr'><strong>Heraclidae</strong></span> <span class='ocrx_word' id='word_1_255' title='bbox 769 3052 940 3111; x_wconf 83' lang='lat' dir='ltr'><strong>sententiam</strong></span> <span class='ocrx_word' id='word_1_256' title='bbox 970 3052 1076 3110; x_wconf 65' lang='lat' dir='ltr'><strong>multis:</strong></span> <span class='ocrx_word' id='word_1_257' title='bbox 1097 3050 1169 3109; x_wconf 86' lang='lat' dir='ltr'><strong>locis</strong></span> 
     </span>
     <span class='ocr_line' id='line_1_28' title="bbox 57 3148 1170 3226; baseline 0 -20"><span class='ocrx_word' id='word_1_258' title='bbox 57 3149 225 3222; x_wconf 86' lang='lat' dir='ltr'><strong>intellegere</strong></span> <span class='ocrx_word' id='word_1_259' title='bbox 246 3149 285 3209; x_wconf 92' lang='lat' dir='ltr'><strong>sit</strong></span> <span class='ocrx_word' id='word_1_260' title='bbox 305 3148 510 3209; x_wconf 87' lang='lat' dir='ltr'><strong>difficillimum.</strong></span> <span class='ocrx_word' id='word_1_261' title='bbox 540 3149 708 3208; x_wconf 88' lang='lat' dir='ltr'><strong>Heraclides</strong></span> <span class='ocrx_word' id='word_1_262' title='bbox 728 3149 816 3208; x_wconf 90' lang='lat' dir='ltr'><strong>verba</strong></span> <span class='ocrx_word' id='word_1_263' title='bbox 842 3149 870 3206; x_wconf 91' lang='lat' dir='ltr'><strong>in</strong></span> <span class='ocrx_word' id='word_1_264' title='bbox 891 3148 927 3224; x_wconf 56' lang='grc' dir='ltr'>ᾖ</span> <span class='ocrx_word' id='word_1_265' title='bbox 946 3149 1086 3226; x_wconf 86' lang='lat' dir='ltr'><strong>(exceptis</strong></span> <span class='ocrx_word' id='word_1_266' title='bbox 1111 3148 1170 3206; x_wconf 87' lang='lat' dir='ltr'><strong>illis</strong></span> 
     </span>
     <span class='ocr_line' id='line_1_29' title="bbox 57 3243 1166 3322; baseline -0.002 -19"><span class='ocrx_word' id='word_1_267' title='bbox 57 3245 88 3303; x_wconf 94' lang='lat' dir='ltr'><strong>in</strong></span> <span class='ocrx_word' id='word_1_268' title='bbox 108 3244 199 3322; x_wconf 58' lang='grc' dir='ltr'>υ-μιγ)</span> <span class='ocrx_word' id='word_1_269' title='bbox 224 3263 243 3304; x_wconf 92' lang='lat' dir='ltr'><strong>a</strong></span> <span class='ocrx_word' id='word_1_270' title='bbox 262 3247 358 3306; x_wconf 89' lang='lat' dir='ltr'><strong>verbis</strong></span> <span class='ocrx_word' id='word_1_271' title='bbox 379 3247 534 3305; x_wconf 81' lang='lat' dir='ltr'><strong>contractis</strong></span> <span class='ocrx_word' id='word_1_272' title='bbox 554 3246 701 3318; x_wconf 87' lang='lat' dir='ltr'><strong>derivavit,</strong></span> <span class='ocrx_word' id='word_1_273' title='bbox 728 3251 761 3303; x_wconf 88' lang='lat' dir='ltr'><strong>ut</strong></span> <span class='ocrx_word' id='word_1_274' title='bbox 782 3243 838 3321; x_wconf 88' lang='grc' dir='ltr'>εἰμί</span> <span class='ocrx_word' id='word_1_275' title='bbox 855 3246 891 3304; x_wconf 92' lang='lat' dir='ltr'><strong>ab</strong></span> <span class='ocrx_word' id='word_1_276' title='bbox 912 3245 945 3316; x_wconf 86' lang='grc' dir='ltr'><strong>ὦ,</strong></span> <span class='ocrx_word' id='word_1_277' title='bbox 967 3243 1035 3322; x_wconf 61' lang='lat' dir='ltr'><strong>dom</strong></span> <span class='ocrx_word' id='word_1_278' title='bbox 1055 3245 1092 3303; x_wconf 91' lang='lat' dir='ltr'><strong>ab</strong></span> <span class='ocrx_word' id='word_1_279' title='bbox 1112 3243 1166 3317; x_wconf 82' lang='grc' dir='ltr'><strong>ἀῶ,</strong></span> 
     </span>
     <span class='ocr_line' id='line_1_30' title="bbox 48 3336 1168 3421; baseline -0.002 -20"><span class='ocrx_word' id='word_1_280' title='bbox 48 3336 130 3420; x_wconf 60' lang='lat' dir='ltr'><strong>popei</strong></span> <span class='ocrx_word' id='word_1_281' title='bbox 148 3346 232 3421; x_wconf 76' lang='grc' dir='ltr'>οφῶ,</span> <span class='ocrx_word' id='word_1_282' title='bbox 252 3342 346 3421; x_wconf 81' lang='grc' dir='ltr'>τίθημι</span> <span class='ocrx_word' id='word_1_283' title='bbox 366 3341 475 3416; x_wconf 68' lang='lat' dir='ltr'><strong>aridis,</strong></span> <span class='ocrx_word' id='word_1_284' title='bbox 488 3341 582 3420; x_wconf 80' lang='grc' dir='ltr'>ἰοτημι</span> <span class='ocrx_word' id='word_1_285' title='bbox 602 3342 726 3414; x_wconf 60' lang='lat' dir='ltr'><strong>abiae,</strong></span> <span class='ocrx_word' id='word_1_286' title='bbox 748 3340 844 3419; x_wconf 83' lang='grc' dir='ltr'>δίδωμι</span> <span class='ocrx_word' id='word_1_287' title='bbox 864 3345 970 3402; x_wconf 71' lang='lat' dir='ltr'><strong>atsto.</strong></span> <span class='ocrx_word' id='word_1_288' title='bbox 999 3349 1084 3416; x_wconf 77' lang='lat' dir='ltr'><strong>atque</strong></span> <span class='ocrx_word' id='word_1_289' title='bbox 1104 3359 1168 3401; x_wconf 83' lang='lat' dir='ltr'><strong>cum</strong></span> 
     </span>
     <span class='ocr_line' id='line_1_31' title="bbox 57 3439 1168 3515; baseline -0.001 -16"><span class='ocrx_word' id='word_1_290' title='bbox 57 3442 148 3500; x_wconf 88' lang='lat' dir='ltr'><strong>multa</strong></span> <span class='ocrx_word' id='word_1_291' title='bbox 167 3440 257 3500; x_wconf 87' lang='lat' dir='ltr'><strong>verba</strong></span> <span class='ocrx_word' id='word_1_292' title='bbox 276 3457 349 3514; x_wconf 88' lang='lat' dir='ltr'><strong>qnae</strong></span> <span class='ocrx_word' id='word_1_293' title='bbox 368 3441 399 3500; x_wconf 92' lang='lat' dir='ltr'><strong>in</strong></span> <span class='ocrx_word' id='word_1_294' title='bbox 418 3440 561 3500; x_wconf 90' lang='lat' dir='ltr'><strong>communi</strong></span> <span class='ocrx_word' id='word_1_295' title='bbox 574 3441 672 3515; x_wconf 88' lang='lat' dir='ltr'><strong>lingna</strong></span> <span class='ocrx_word' id='word_1_296' title='bbox 685 3441 883 3515; x_wconf 88' lang='lat' dir='ltr'><strong>perispomena</strong></span> <span class='ocrx_word' id='word_1_297' title='bbox 904 3445 986 3500; x_wconf 89' lang='lat' dir='ltr'><strong>erant</strong></span> <span class='ocrx_word' id='word_1_298' title='bbox 1003 3440 1035 3499; x_wconf 90' lang='lat' dir='ltr'><strong>in</strong></span> <span class='ocrx_word' id='word_1_299' title='bbox 1048 3439 1168 3499; x_wconf 82' lang='lat' dir='ltr'><strong>Aeolica</strong></span> 
     </span>
    </p>
   </div>
   <div class='ocr_carea' id='block_1_5' title="bbox 56 3595 1168 4116">
    <p class='ocr_par' dir='ltr' id='par_1_6' title="bbox 56 3595 1168 4116">
     <span class='ocr_line' id='line_1_32' title="bbox 128 3595 1167 3672; baseline -0.004 -19"><span class='ocrx_word' id='word_1_300' title='bbox 128 3599 153 3664; x_wconf 86' lang='lat'><strong>¹)</strong></span> <span class='ocrx_word' id='word_1_301' title='bbox 172 3598 256 3654; x_wconf 87' lang='lat' dir='ltr'><strong>verba</strong></span> <span class='ocrx_word' id='word_1_302' title='bbox 276 3600 307 3654; x_wconf 90' lang='lat' dir='ltr'><strong>in</strong></span> <span class='ocrx_word' id='word_1_303' title='bbox 326 3600 371 3672; x_wconf 69' lang='grc' dir='ltr'><strong>υρί</strong></span> <span class='ocrx_word' id='word_1_304' title='bbox 388 3600 496 3654; x_wconf 86' lang='lat' dir='ltr'><strong>veteres</strong></span> <span class='ocrx_word' id='word_1_305' title='bbox 514 3598 686 3669; x_wconf 87' lang='lat' dir='ltr'><strong>grammatici</strong></span> <span class='ocrx_word' id='word_1_306' title='bbox 710 3615 727 3653; x_wconf 86' lang='lat' dir='ltr'><strong>a</strong></span> <span class='ocrx_word' id='word_1_307' title='bbox 745 3600 824 3654; x_wconf 88' lang='lat' dir='ltr'><strong>sexta</strong></span> <span class='ocrx_word' id='word_1_308' title='bbox 845 3597 934 3654; x_wconf 87' lang='lat' dir='ltr'><strong>classa</strong></span> <span class='ocrx_word' id='word_1_309' title='bbox 951 3601 1002 3650; x_wconf 82' lang='grc' dir='ltr'><strong>τῶν</strong></span> <span class='ocrx_word' id='word_1_310' title='bbox 1023 3595 1167 3670; x_wconf 84' lang='grc' dir='ltr'>βαρυτόνων</span> 
     </span>
     <span class='ocr_line' id='line_1_33' title="bbox 62 3683 1168 3765; baseline 0.002 -25"><span class='ocrx_word' id='word_1_311' title='bbox 62 3683 186 3765; x_wconf 82' lang='grc' dir='ltr'>ρήράτων</span> <span class='ocrx_word' id='word_1_312' title='bbox 204 3687 367 3745; x_wconf 87' lang='lat' dir='ltr'><strong>derivabant</strong></span> <span class='ocrx_word' id='word_1_313' title='bbox 390 3689 432 3760; x_wconf 87' lang='lat' dir='ltr'><strong>(ut</strong></span> <span class='ocrx_word' id='word_1_314' title='bbox 451 3685 563 3759; x_wconf 82' lang='grc' dir='ltr'>θείκνυρι</span> <span class='ocrx_word' id='word_1_315' title='bbox 581 3703 599 3743; x_wconf 91' lang='lat' dir='ltr'><strong>a</strong></span> <span class='ocrx_word' id='word_1_316' title='bbox 617 3685 742 3755; x_wconf 77' lang='grc' dir='ltr'>δεικνύω).</span> <span class='ocrx_word' id='word_1_317' title='bbox 778 3703 833 3759; x_wconf 86' lang='lat' dir='ltr'><strong>qno</strong></span> <span class='ocrx_word' id='word_1_318' title='bbox 855 3685 937 3743; x_wconf 90' lang='lat' dir='ltr'><strong>modo</strong></span> <span class='ocrx_word' id='word_1_319' title='bbox 955 3685 1116 3743; x_wconf 87' lang='lat' dir='ltr'><strong>Heraclides</strong></span> <span class='ocrx_word' id='word_1_320' title='bbox 1134 3703 1168 3742; x_wconf 87' lang='lat' dir='ltr'><strong>es</strong></span> 
     </span>
     <span class='ocr_line' id='line_1_34' title="bbox 60 3773 1167 3849; baseline -0.005 -18"><span class='ocrx_word' id='word_1_321' title='bbox 60 3776 239 3847; x_wconf 86' lang='lat' dir='ltr'><strong>explicaverit</strong></span> <span class='ocrx_word' id='word_1_322' title='bbox 261 3793 276 3832; x_wconf 94' lang='lat' dir='ltr'><strong>e</strong></span> <span class='ocrx_word' id='word_1_323' title='bbox 297 3777 349 3848; x_wconf 83' lang='lat' dir='ltr'><strong>irg.</strong></span> <span class='ocrx_word' id='word_1_324' title='bbox 367 3779 403 3832; x_wconf 79' lang='lat'><strong>22</strong></span> <span class='ocrx_word' id='word_1_325' title='bbox 422 3778 549 3848; x_wconf 87' lang='lat' dir='ltr'><strong>apparet:</strong></span> <span class='ocrx_word' id='word_1_326' title='bbox 578 3775 656 3831; x_wconf 89' lang='lat' dir='ltr'><strong>verbi</strong></span> <span class='ocrx_word' id='word_1_327' title='bbox 683 3773 792 3849; x_wconf 73' lang='grc' dir='ltr'>ἄχνυμαι</span> <span class='ocrx_word' id='word_1_328' title='bbox 813 3778 982 3846; x_wconf 83' lang='lat' dir='ltr'><strong>prototypon</strong></span> <span class='ocrx_word' id='word_1_329' title='bbox 1005 3775 1076 3831; x_wconf 86' lang='lat' dir='ltr'><strong>dixit</strong></span> <span class='ocrx_word' id='word_1_330' title='bbox 1099 3773 1167 3846; x_wconf 75' lang='grc' dir='ltr'>ἅχω,</span> 
     </span>
     <span class='ocr_line' id='line_1_35' title="bbox 57 3862 1166 3937; baseline -0.001 -17"><span class='ocrx_word' id='word_1_331' title='bbox 57 3880 91 3920; x_wconf 84' lang='lat' dir='ltr'><strong>ex</strong></span> <span class='ocrx_word' id='word_1_332' title='bbox 112 3863 280 3937; x_wconf 71' lang='lat' dir='ltr'><strong>dyelonico</strong></span> <span class='ocrx_word' id='word_1_333' title='bbox 304 3866 464 3936; x_wconf 88' lang='lat' dir='ltr'><strong>pleonasmc</strong></span> <span class='ocrx_word' id='word_1_334' title='bbox 486 3868 532 3918; x_wconf 80' lang='grc' dir='ltr'>τοῦ</span> <span class='ocrx_word' id='word_1_335' title='bbox 552 3862 566 3920; x_wconf 80' lang='grc' dir='ltr'>υ</span> <span class='ocrx_word' id='word_1_336' title='bbox 584 3865 688 3922; x_wconf 84' lang='lat' dir='ltr'><strong>iactum</strong></span> <span class='ocrx_word' id='word_1_337' title='bbox 706 3879 768 3920; x_wconf 87' lang='lat' dir='ltr'><strong>esse</strong></span> <span class='ocrx_word' id='word_1_338' title='bbox 786 3862 866 3936; x_wconf 76' lang='grc' dir='ltr'>ἀχόω,</span> <span class='ocrx_word' id='word_1_339' title='bbox 890 3864 955 3920; x_wconf 90' lang='lat' dir='ltr'><strong>hinc</strong></span> <span class='ocrx_word' id='word_1_340' title='bbox 972 3864 1074 3921; x_wconf 85' lang='lat' dir='ltr'><strong>Dorico</strong></span> <span class='ocrx_word' id='word_1_341' title='bbox 1092 3863 1166 3934; x_wconf 88' lang='lat' dir='ltr'><strong>pleo-</strong></span> 
     </span>
     <span class='ocr_line' id='line_1_36' title="bbox 56 3949 1167 4026; baseline -0.006 -17"><span class='ocrx_word' id='word_1_342' title='bbox 56 3970 154 4012; x_wconf 90' lang='lat' dir='ltr'><strong>nasmo</strong></span> <span class='ocrx_word' id='word_1_343' title='bbox 173 3959 218 4008; x_wconf 82' lang='grc' dir='ltr'>τοῦ</span> <span class='ocrx_word' id='word_1_344' title='bbox 237 3955 251 4006; x_wconf 75' lang='grc' dir='ltr'>ν</span> <span class='ocrx_word' id='word_1_345' title='bbox 271 3952 364 4026; x_wconf 63' lang='lat' dir='ltr'><strong>tydeo,</strong></span> <span class='ocrx_word' id='word_1_346' title='bbox 382 3957 441 4011; x_wconf 88' lang='lat' dir='ltr'><strong>tum</strong></span> <span class='ocrx_word' id='word_1_347' title='bbox 459 3955 692 4012; x_wconf 81' lang='lat' dir='ltr'><strong>transmutatione</strong></span> <span class='ocrx_word' id='word_1_348' title='bbox 709 3949 1008 4026; x_wconf 54' lang='lat' dir='ltr'><strong>(irepdrdacgfflyvdm</strong></span> <span class='ocrx_word' id='word_1_349' title='bbox 1028 3955 1062 4009; x_wconf 50' lang='lat' dir='ltr'><strong>et¹</strong></span> <span class='ocrx_word' id='word_1_350' title='bbox 1074 3950 1167 4024; x_wconf 72' lang='grc' dir='ltr'>ἄχνυρι</span> 
     </span>
     <span class='ocr_line' id='line_1_37' title="bbox 57 4038 1165 4116; baseline -0.004 -22"><span class='ocrx_word' id='word_1_351' title='bbox 57 4041 171 4116; x_wconf 70' lang='grc' dir='ltr'>ἄχνυμαι.</span> <span class='ocrx_word' id='word_1_352' title='bbox 208 4044 275 4098; x_wconf 80' lang='lat' dir='ltr'><strong>item</strong></span> <span class='ocrx_word' id='word_1_353' title='bbox 294 4042 361 4113; x_wconf 72' lang='grc' dir='ltr'>δέχου</span> <span class='ocrx_word' id='word_1_354' title='bbox 381 4073 414 4084; x_wconf 93' lang='grc'><strong>--</strong></span> <span class='ocrx_word' id='word_1_355' title='bbox 435 4042 518 4114; x_wconf 59' lang='lat' dir='ltr'><strong>depici</strong></span> <span class='ocrx_word' id='word_1_356' title='bbox 536 4073 570 4087; x_wconf 90' lang='lat'>-</span> <span class='ocrx_word' id='word_1_357' title='bbox 590 4040 687 4114; x_wconf 73' lang='grc' dir='ltr'>δεχύνω</span> <span class='ocrx_word' id='word_1_358' title='bbox 707 4070 741 4083; x_wconf 90' lang='grc'>-</span> <span class='ocrx_word' id='word_1_359' title='bbox 761 4038 858 4112; x_wconf 62' lang='lat' dir='ltr'><strong>tegete</strong></span> <span class='ocrx_word' id='word_1_360' title='bbox 876 4039 996 4115; x_wconf 71' lang='grc' dir='ltr'>δὲχνυραο</span> <span class='ocrx_word' id='word_1_361' title='bbox 1014 4042 1042 4097; x_wconf 79' lang='lat' dir='ltr'><strong>et</strong></span> <span class='ocrx_word' id='word_1_362' title='bbox 1060 4038 1112 4113; x_wconf 80' lang='grc' dir='ltr'>ὅρου</span> <span class='ocrx_word' id='word_1_363' title='bbox 1132 4068 1165 4080; x_wconf 95' lang='grc'>-</span> 
     </span>
    </p>
   </div>
   <div class='ocr_carea' id='block_1_6' title="bbox 56 4129 548 4206">
    <p class='ocr_par' dir='ltr' id='par_1_7' title="bbox 56 4129 548 4206">
     <span class='ocr_line' id='line_1_38' title="bbox 56 4129 548 4206; baseline 0.012 -23"><span class='ocrx_word' id='word_1_364' title='bbox 56 4130 122 4204; x_wconf 71' lang='lat' dir='ltr'><strong>ipim</strong></span> <span class='ocrx_word' id='word_1_365' title='bbox 141 4161 176 4173; x_wconf 95' lang='lat'>-</span> <span class='ocrx_word' id='word_1_366' title='bbox 196 4129 277 4204; x_wconf 77' lang='grc' dir='ltr'>ὀρύνω</span> <span class='ocrx_word' id='word_1_367' title='bbox 297 4161 330 4171; x_wconf 94' lang='grc'>-</span> <span class='ocrx_word' id='word_1_368' title='bbox 350 4130 432 4204; x_wconf 78' lang='grc' dir='ltr'>ὀρνύω</span> <span class='ocrx_word' id='word_1_369' title='bbox 451 4133 548 4206; x_wconf 77' lang='grc' dir='ltr'>ὄρνυρι.</span> 
     </span>
    </p>
   </div>
   <div class='ocr_carea' id='block_1_7' title="bbox 0 0 1366 4628">
    <p class='ocr_par' dir='ltr' id='par_1_8' title="bbox 0 0 1366 4628">
     <span class='ocr_line' id='line_1_39' title="bbox 0 0 1366 4628; baseline 0 2"><span class='ocrx_word' id='word_1_370' title='bbox 0 0 1366 4628; x_wconf 95' lang='lat' dir='ltr'><strong> </strong></span> 
     </span>
    </p>
   </div>
  </div>
 </body>
</html>
