2722 4628
571 357 790 420 ..19-

125 569 330 650 ἀπαρέμιρατον
352 569 376 629 εἰ
396 570 426 629 δὲ
445 569 478 648 ἦν
499 569 557 631 κύω
579 571 742 649 βαρυτίνως,
766 571 894 648 κυέμεναι
914 571 945 630 ἂν
966 571 999 650 ἦν
1020 573 1089 633 κατὰ
1108 574 1139 633 τὸ
1161 573 1234 654 εὑρέ·

125 668 206 746 μεναι
226 673 303 729 κτλ.“
327 668 395 745 (frg.
417 668 477 744 48).
519 669 600 728 Euat.
622 687 650 742 p.
674 672 740 736 655,
765 672 802 728 10
824 669 892 745 λέγει
916 693 955 734 τις
974 671 1087 736 παλαιὸς
1111 673 1235 751 τεχνικὸς

124 765 168 826 δτι
191 769 286 838 ,δοκεῖ
303 788 349 842 μοι
371 764 581 844 μέμφεσθαιτῇ
607 765 734 845 συνηθείᾳ
766 768 838 825 ἔσται
869 767 993 846 λεγούσῃ·
1024 767 1154 828 οὐδέποτε
1183 770 1233 850 γὰρ

122 865 158 924 τὸ
187 863 275 943 τρίτον
305 868 360 923 τῶν
392 862 520 922 τοιούτων
542 863 698 940 μελλόντων
719 868 917 943 χρεωκοπεῖται
936 866 1152 945 παραληγομένιρ
1172 890 1234 946 ρω-

123 962 223 1039 νήεντι,
241 961 286 1020 ίνα
306 984 344 1026 τις
368 961 429 1039 είπη
454 960 486 1019 τὸ
512 960 654 1020 καλέσεται
679 962 804 1021 καλέσται
829 961 847 1039 ἢ
877 963 908 1021 τὸ
929 963 1064 1023 τελέσεται
1093 965 1230 1024 τελέσται“

124 1060 195 1136 (fug.
217 1060 279 1135 55).
321 1059 485 1132 saepissime
505 1057 676 1118 Eustachius
696 1076 748 1118 sua
767 1059 1021 1132 interpretamenta
1042 1060 1136 1139 (ἤγουν
1157 1107 1163 1120 .
1186 1109 1193 1123 .
1214 1063 1233 1136 .)

123 1158 280 1216 inculcavit
305 1161 334 1216 et
363 1158 557 1216 additamenta
590 1158 693 1228 quibus
725 1157 868 1215 interdum
887 1159 1057 1218 Heraclidae
1080 1165 1234 1233 praecepta

125 1255 292 1315 obscuravit
317 1255 362 1314 uel
387 1255 524 1327 corrupit.
565 1272 593 1328 p.
617 1257 701 1327 1398,
725 1256 763 1313 30
783 1253 849 1332 (ing.
874 1254 924 1330 17)
947 1257 1037 1316 tradit
1060 1257 1097 1316 de
1121 1255 1157 1314 σο
1179 1274 1232 1331 pro

122 1351 161 1413 ππ
180 1354 211 1411 iu
232 1352 354 1411 dialecto
369 1353 487 1411 Aeolica
508 1368 580 1425 quac
594 1352 762 1411 Heraclides
782 1352 888 1425 docuit,
910 1359 971 1411 tum
990 1355 1097 1427 pergit:
1119 1354 1182 1420 ἴσως
1203 1344 1234 1413 δὲ

122 1450 214 1512 καὶτὸ
229 1449 311 1509 λίσσω
328 1449 360 1509 ἐκ
373 1451 420 1508 coia
436 1447 519 1508 λίπτω
534 1447 615 1526 ἤγουν
630 1448 754 1526 ἐπιθυμῶ
768 1449 883 1525 γέγονεν·
908 1449 1036 1527 ἐπιθυμεῖ
1044 1449 1095 1530 γάρ
1109 1474 1167 1516 πως
1187 1451 1234 1512 καὶ

123 1551 141 1609 ὁ
152 1549 308 1626 λισσόμενος
318 1548 381 1627 περί
389 1571 467 1619 τινος,
482 1565 554 1620 quae
566 1548 603 1607 de
613 1566 663 1607 suo
675 1549 818 1608 addidisse
829 1549 994 1623 coarguitur
1007 1549 1144 1608 vocabulo
1159 1549 1231 1618 ἴσως,

124 1664 193 1706 nam
206 1647 376 1707 Heraclides
390 1647 485 1704 dicere
500 1646 572 1704 solet
586 1646 699 1723 μήποτε.
721 1665 748 1720 p.
767 1648 852 1718 1576,
868 1648 906 1705 55
919 1646 1011 1705 refert
1024 1646 1059 1706 da
1078 1646 1232 1706 formarum

125 1745 218 1823 φιλησι
249 1744 323 1821 νίηοι
353 1743 444 1820 λέγησι
474 1743 551 1817 apud
580 1745 726 1818 Rheginos
756 1761 810 1803 usu
837 1743 903 1820 (hg.
924 1743 989 1819 41):
1020 1740 1107 1803 verba
1137 1750 1233 1804 autem

124 1845 247 1903 καλεῖται
277 1841 308 1900 δὲ
339 1842 385 1901 καὶ
414 1842 445 1900 τὸ
477 1845 570 1920 σχῆμα
587 1839 715 1919 Ἰβύκειον
736 1840 787 1899 ὑπὸ
817 1844 872 1899 τῶν
897 1844 1090 1919 γραμματικῶν
1115 1840 1158 1899 διὰ
1186 1841 1233 1900 τὸν

124 1940 272 2017 μελοποιὸν
293 1940 398 2017 δηλαδὴ
412 1937 521 2016 Ἴβυκον
541 1938 725 2017 ριληδησαντα
738 1937 848 2015 τοιαύτη
870 1937 977 2016 γλώσση
999 1938 1034 1997 de
1054 1954 1105 1998 suo
1125 1939 1234 1997 adiecit

124 2039 235 2113 inepte,
267 2055 332 2096 ssam
358 2038 531 2097 Heraclidae
562 2037 689 2110 opinioni
718 2037 802 2109 plane
827 2041 993 2110 repugnant.
1035 2055 1063 2110 p.
1086 2037 1171 2104 1434,
1194 2039 1232 2095 20

125 2135 193 2212 (irg.
218 2135 422 2211 le)1cglmus:
455 2134 495 2193 δτι
526 2133 587 2194 καθ’
610 2132 792 2212 Ἡρακλείδην
823 2130 930 2209 ἄμεινον
957 2132 1040 2208 λέγειν
1065 2132 1138 2192 ἀνύω
1162 2131 1232 2211 ἥπερ

126 2231 192 2304 ἅνω,
221 2233 266 2291 ίνα
298 2233 335 2310 μὴ
366 2234 528 2312 παραλόγως
551 2230 702 2309 μηκύνηται
722 2232 753 2289 τὸ
774 2231 800 2290 α.
842 2232 1033 2290 cavecredaa
1052 2231 1233 2290 Heraclidem

124 2332 168 2391 sic
189 2332 315 2389 locutum
337 2348 399 2389 esse
427 2328 535 2405 ἄμεινον
567 2329 664 2404 λέγεινι
696 2328 868 2388 Heraclides
891 2345 1026 2387 canonem
1047 2329 1233 2388 constituerat

126 2428 258 2487 οὐδέποτε
273 2426 419 2505 μηκύνεται
432 2428 463 2486 τδ
478 2434 495 2485 dr
508 2427 713 2506 προηγουμένου
727 2430 775 2487 τοῦ
789 2427 803 2485 ν
824 2425 933 2484 ἐπὶτῶν
948 2425 985 2490 εἰς
997 2426 1038 2483 im
1058 2425 1107 2502 (cf.
1125 2426 1234 2484 Herod.

126 2526 189 2604 περὶ
210 2526 340 2605 διχρόνων
360 2526 392 2584 Π
416 2528 461 2598 10,
481 2524 512 2601 5)
544 2531 574 2584 οι
594 2530 695 2584 conha
715 2524 791 2582 hunc
811 2541 945 2584 canonem
966 2539 1096 2598 pugnare
1114 2522 1233 2582 verbum

132 2623 189 2682 ἄνω
212 2625 336 2698 dixerat,
369 2625 446 2697 quod
466 2624 582 2696 longam
601 2623 707 2681 habeat
726 2624 939 2696 paenultimam.
980 2622 1045 2681 hinc
1065 2620 1234 2680 Eustachius

126 2722 296 2781 concludere
321 2738 404 2795 posse
430 2721 484 2780 sibi
510 2721 587 2779 visus
608 2725 652 2778 est
673 2721 773 2778 melius
794 2720 850 2778 dici
869 2717 942 2778 ἀνύω
964 2735 1048 2791 quam
1069 2716 1134 2776 ἅνω.
1176 2734 1233 2776 nou

127 2835 270 2891 nunquam
289 2819 460 2878 Eustachius
486 2818 607 2876 celerius
627 2817 746 2891 legendo
767 2817 936 2875 Heraclidae
966 2816 1054 2874 verba
1083 2815 1158 2874 male
1189 2815 1231 2872 iu-

125 2917 241 2975 tellexit
260 2917 376 2989 eiusque
397 2916 552 2975 sententias
573 2931 629 2972 non
649 2919 729 2974 recte
748 2915 868 2974 rettulit.
895 2931 922 2987 p.
940 2915 1025 2986 1557,
1042 2915 1079 2972 34
1100 2911 1168 2987 (hg.
1181 2911 1233 2985 44)

124 3015 197 3074 haec
217 3015 329 3073 scribit:
363 3011 435 3072 abac)
456 3013 569 3092 Δωριεῖς
600 3012 688 3090 ἐντῷ
710 3010 821 3078 λεξεῖται
840 3014 988 3089 ποιησεῐται
1009 3010 1121 3088 ἐσσεῖται
1146 3032 1233 3087 μετα-

124 3111 243 3176 τιθέντες
262 3111 311 3188 τὴν
331 3112 529 3190 παρατέλευτον
550 3113 575 3169 ξι
595 3109 738 3186 δίφθογγον
759 3109 796 3173 εἰς
825 3109 874 3186 τὴν
904 3107 940 3168 οὗ
969 3107 1126 3187 παρενθὲσει
1150 3109 1197 3167 τοῦ
1219 3109 1234 3165 ’ν

123 3212 278 3287 ποιησοῒιντι
297 3209 360 3286 φασὶ
382 3208 427 3268 καὶ
446 3210 597 3267 τελεσοῦντι
617 3207 662 3267 καὶ
683 3206 809 3265 ἐσσοῦντι.
845 3207 907 3277 quis
932 3206 1031 3264 credat
1050 3206 1229 3266 Heraclidem

124 3308 231 3368 formae
251 3310 358 3367 activas
379 3309 531 3384 ποιησοῦντι
551 3310 703 3365 τελεσοῦντι
721 3309 767 3382 (ut
786 3308 820 3366 de
841 3312 1019 3366 monstruoso
1039 3306 1089 3362 ilio
1112 3302 1230 3364 ἐσσοῦντι

125 3407 250 3482 iaceam)
272 3406 414 3465 derivasse
434 3423 453 3463 a
474 3405 640 3464 medialibus
665 3408 814 3482 ποιησεῖται
843 3404 1006 3463 τελεσεῐταιῖ
1037 3401 1229 3474 fragmentum

125 3504 180 3562 hoc
201 3504 273 3562 adeo
294 3507 458 3576 corruptum
479 3507 509 3562 et
529 3501 675 3561 confusum
696 3509 748 3572 est,
769 3507 802 3560 ut
815 3503 987 3561 Heraclidae
1000 3500 1161 3572 opinionem
1181 3499 1229 3556 vix

127 3604 230 3661 elicere
243 3602 392 3675 possimus.
424 3616 533 3660 summa
546 3600 724 3673 neglegentia
737 3600 874 3677 tractavit
886 3598 1055 3657 Eustachius
1067 3614 1096 3669 p.
1108 3597 1175 3669 341,
1191 3597 1239 3654 30,

125 3700 314 3774 fragmentum
336 3699 371 3757 de
391 3701 510 3757 accentu
529 3696 606 3755 vocis
634 3696 755 3775 παρολη
789 3697 864 3769 quod
889 3714 925 3754 ex
950 3695 1091 3755 Herennio
1111 3694 1229 3752 Philone

126 3799 230 3872 petivit
248 3797 319 3874 (frg.
335 3797 379 3872 6):
401 3796 475 3868 quod
496 3796 522 3854 si
542 3796 683 3869 egregium
697 3796 841 3854 Ammouii
860 3796 954 3853 locum
974 3811 1031 3852 nou
1050 3794 1228 3863 haberemus,

126 3895 298 3969 Heraclides
319 3894 388 3968 quid
408 3911 443 3952 ea
463 3895 498 3952 de
518 3910 549 3951 re
571 3893 741 3951 iudicaverit
761 3909 796 3952 ex
817 3892 962 3951 Eustachii
985 3892 1047 3950 loco
1067 3889 1230 3963 perspicere

127 4011 183 4052 nou
212 4011 365 4067 possemus.
406 3991 528 4057 mirifica
558 3997 658 4050 narrat
687 3991 770 4049 Euat.
797 4007 825 4062 p.
849 3990 934 4056 1907,
956 3989 993 4047 49
1020 3987 1085 4064 (lug.
1108 3986 1159 4062 60)
1190 3985 1230 4045 δτι

126 4096 175 4170 τῆς
200 4091 312 4170 ὑστέρας
328 4088 456 4154 Ἀτθίδος
484 4088 538 4148 ἐστὶ
568 4089 599 4147 τὸ
629 4090 708 4146 ποῖοι·
738 4088 756 4165 ἡ
781 4086 831 4165 γὰρ
862 4085 960 4165 ἀρχαία
992 4083 1110 4226 ἑτερρίαν
1141 4083 1229 4143 ἐδίδου
