2722 4628
642 384 862 448 ..30-

196 595 319 655 dialecto
340 596 370 654 in
390 603 424 674 μῖ
446 598 522 655 exire
543 598 653 655 videret
674 602 703 656 et
723 601 778 655 νοῶ
798 600 867 675 φιλῶ
888 598 960 671 γελῶ
981 597 1086 670 δοκιμῶ
1107 594 1186 668 apud
1206 595 1314 653 Aeoles

194 693 256 752 dici
277 693 358 770 νόημι
378 693 474 771 φίλημι
494 694 599 770 γέλοιιμι
619 694 765 771 ὃοκίμωμι,
790 694 952 752 universam
977 692 1210 766 coniugationem
1231 690 1314 768 ἰιιμι

198 806 234 849 ex
261 789 383 850 Aeolica
408 793 532 851 dialecto
563 792 613 851 ille
638 793 782 865 repetivit.
828 797 914 864 atque
944 791 975 848 in
1001 785 1165 849 derivandis
1196 789 1314 862 quidem

195 889 289 949 verbis
314 891 345 948 in
366 887 396 968 ρῖι
416 907 434 949 a
458 889 553 949 verbis
580 890 734 949 contractis
755 894 952 947 antecessores
972 885 1108 962 hahuit).
1156 887 1217 946 iam
1240 887 1314 960 Try·

194 990 318 1061 phonem
340 989 459 1047 eandem
480 988 652 1047 sententiam
672 987 806 1046 habuisse
831 987 926 1045 nescio
951 1002 987 1043 an
1009 984 1141 1044 concludi
1161 987 1257 1058 possit
1276 1003 1314 1045 ex

195 1085 290 1157 Epim.
304 1085 399 1144 Onam.
416 1086 508 1153 1101,
524 1086 561 1144 27
575 1084 689 1162 γνώτην·
711 1085 830 1162 ῥήματος
851 1080 873 1161 β’
895 1082 1025 1162 ἀόριστος·
1049 1082 1080 1141 τὸ
1101 1081 1175 1158 ilipa
1198 1080 1312 1160 ἄδηλον.

196 1182 227 1241 οὔ
248 1183 298 1260 γὰρ
320 1182 419 1261 εὑρέθη
442 1182 484 1240 ἐπὶ
504 1182 594 1260 τρίτης
609 1181 739 1256 συζυγίας,
766 1181 848 1258 εἰμὴ
875 1182 906 1240 τὸ
927 1182 1032 1256 δίδωμι,
1054 1179 1088 1239 τὰ
1113 1179 1135 1238 δ’
1158 1177 1229 1239 ἄλλα
1250 1179 1313 1240 καθ’

196 1279 339 1339 ὑπόστασιν
359 1280 541 1357 λαμβάνομεν,
569 1280 658 1356 ἅλωμι
683 1279 763 1356 βίωμι
782 1278 898 1357 τίτρωμί
920 1301 950 1337 τε
975 1277 1020 1338 καὶ
1039 1276 1160 1354 γίγνωμι,
1181 1279 1228 1343 ὡς
1248 1278 1314 1338 ἀπὸ

195 1380 253 1437 τοῦ
284 1382 348 1454 γνῶ
378 1383 483 1454 γνῶμι
509 1378 663 1455 γίγνωμι,
695 1379 733 1441 ὥς
762 1377 875 1456 τίτροιμι
906 1376 952 1437 καὶ
975 1376 1083 1454 τίτρημι
1108 1374 1166 1448 (καὶ
1189 1376 1242 1456 γὰρ
1267 1377 1315 1437 καὶ

196 1472 306 1553 πρώτης
337 1475 383 1536 καὶ
411 1474 503 1555 τρίτης
535 1475 659 1552 λέγεται).
702 1474 773 1534 οὕτω
800 1473 945 1541 Φιλόξενος
975 1473 1020 1534 καὶ
1040 1472 1158 1552 Τρύφων
1189 1474 1314 1549 (Velsen

197 1572 305 1646 Tryph.
327 1591 358 1647 p.
380 1574 427 1634 56.
448 1574 557 1632 Herod.
578 1573 696 1645 11826,
722 1571 779 1648 10).
822 1573 858 1631 de
871 1572 1030 1632 Philoxeno
1051 1588 1134 1630 nemo
1156 1572 1312 1650 dubitabit,

198 1670 303 1743 quippe
324 1672 372 1741 qui
386 1671 511 1729 omnium
525 1671 679 1729 verborum
695 1687 728 1729 ae
741 1671 788 1728 rel
807 1671 952 1730 nominum
966 1674 1123 1744 prototypa
1138 1685 1202 1729 esse
1222 1672 1315 1730 verba

196 1768 395 1840 monosyllaba
420 1769 450 1826 in
471 1792 494 1826 ω
521 1766 702 1826 circumflexo
723 1772 825 1826 notata
850 1768 905 1826 sibi
930 1767 1118 1840 persuasisset
1145 1767 1256 1843 (Kleist
1277 1768 1315 1827 de

198 1863 309 1922 Philox
332 1881 359 1938 p.
383 1867 431 1925 43.
454 1866 508 1939 48)
520 1864 542 1941 ).
584 1882 636 1923 nee
656 1867 830 1938 posteriores
850 1865 1028 1938 grammatici
1054 1880 1117 1923 eam
1138 1866 1314 1924 sententiam

197 1962 366 2036 reiecerunt,
400 1965 568 2037 Apollonius
599 1965 780 2023 Herodianus
811 1969 841 2023 et
871 1963 1038 2036 Byzantini.
1090 1963 1128 2022 ad
1158 1949 1315 2022 Aeolicam

198 2063 295 2118 autem
316 2060 469 2119 dialectum
490 2079 557 2119 num
578 2063 642 2134 quis
668 2067 734 2120 ante
754 2061 940 2120 Heraclidem
966 2065 1058 2118 totam
1079 2060 1314 2134 coniugationem
1341 2072 1359 2141 p.

197 2159 228 2217 in
248 2157 278 2232 μι
297 2160 443 2218 rettulerit
462 2161 631 2234 ignoramus.
675 2161 780 2220 diserte
801 2159 837 2218 de
856 2160 934 2217 nullo
955 2159 1012 2216 alio
1037 2158 1172 2218 traditur.
1214 2164 1314 2217 tamen

197 2255 360 2329 praefracte
381 2273 436 2316 non
458 2255 684 2333 affirmaverim³)
704 2257 889 2316 Heraclidem
914 2258 1036 2329 primum
1062 2255 1123 2314 eius
1150 2257 1315 2316 sententiae

197 2353 286 2413 luisse
308 2361 463 2416 auctorem.
504 2356 628 2416 fortasse
649 2358 748 2415 eadem
772 2355 829 2415 luit
848 2355 1013 2429 Tryphonis
1034 2359 1063 2413 et
1075 2353 1229 2413 Philoxeni
1249 2370 1315 2414 sen-

197 2452 302 2523 tentia;
325 2459 355 2510 et
376 2454 639 2526 Tyrannio-‘nescio
661 2470 698 2512 an
719 2451 742 2511 B
765 2455 823 2512 350
843 2457 913 2530 φῆμι
938 2450 1118 2510 chcumflexo
1144 2451 1241 2510 notari
1262 2468 1315 2511 vo-

200 2548 288 2607 luerit
308 2548 376 2625 (irg.
391 2551 451 2624 39),
474 2551 548 2623 quod
563 2551 791 2624 coniugationem
812 2551 843 2609 in
863 2549 893 2627 φῖι
913 2551 1060 2609 Aeolicam
1079 2565 1141 2608 esse
1161 2547 1314 2624 putavid).

200 2647 380 2707 Herodianus
395 2652 489 2706 autem
502 2648 581 2706 illam
596 2649 767 2707 sententiam
780 2648 908 2707 refutare
924 2647 1042 2712 studuit,
1058 2647 1137 2705 cuius
1151 2646 1315 2705 doctrinam

198 2791 410 2805 -ξ--ι

230 2879 232 2883 ’
272 2877 297 2945 ¹)
315 2875 526 2946 antiquissimus
545 2877 628 2931 huius
641 2876 777 2946 opinionis
797 2878 893 2932 auctor
910 2879 984 2931 esset
996 2875 1147 2946 Dionysius
1167 2874 1273 2942 Thrax,
1291 2875 1315 2931 si

203 2966 261 3021 eius
283 2966 480 3034 grammaticae
499 2964 704 3035 paragraphum
721 2964 970 3020 duodevicesimam
993 2965 1142 3034 genuinam
1165 2979 1227 3018 ease
1247 2979 1315 3019 con·

198 3056 297 3109 staret:
317 3054 364 3109 sed
383 3053 420 3111 ef.
439 3054 576 3111 Steinthal
595 3053 629 3110 G.
647 3053 753 3124 d.·Spr.
772 3069 799 3123 p.
819 3055 879 3110 658.
898 3054 962 3109 685.

270 3143 293 3210 ²)
311 3144 447 3213 quatenus
465 3141 625 3199 Heraclides
643 3142 785 3198 Philoxeni
809 3140 843 3197 de
866 3142 957 3197 verbis
980 3141 1177 3212 monosyllabis
1203 3142 1315 3198 coniec-

198 3233 289 3286 turam
315 3229 472 3300 probaverit
498 3246 571 3286 nuno
601 3228 708 3284 definiri
731 3229 832 3299 nequit.
869 3229 936 3301 quin
959 3230 1069 3300 cognita
1091 3229 1133 3285 illi
1154 3229 1239 3285 fuerit
1256 3246 1314 3286 non

199 3318 381 3376 dubitandum
399 3321 454 3374 est:
474 3335 492 3373 a
511 3317 546 3390 βῶ
566 3318 701 3374 derivavit
719 3316 798 3389 βάζω,
818 3334 834 3372 a
855 3323 895 3390 φῶ
916 3318 992 3390 φάζω
1012 3318 1088 3388 (inde
1108 3317 1196 3390 φάσις)
1215 3317 1311 3390 φραῒω

199 3407 265 3481 φημί
288 3408 376 3480 φάσκω
400 3406 532 3479 πιφαύσκω
556 3407 619 3478 (frg.
637 3408 684 3478 26)
708 3406 820 3476 perinde
846 3423 879 3463 ac
895 3407 1074 3464 Philoxenus.
1110 3406 1160 3462 sed
1178 3408 1210 3462 ut
1228 3422 1312 3462 nemo

199 3496 439 3565 grammaticorum
469 3496 510 3550 sic
532 3511 568 3550 ne
585 3494 745 3551 Heraclides
769 3495 879 3566 quidem
905 3495 1051 3551 Philoxeni
1074 3494 1228 3550 doctrinam
1251 3495 1312 3550 uni-

198 3601 308 3640 versam
326 3583 491 3656 probaverit.

272 3673 294 3743 ³)
313 3679 343 3730 ut
361 3673 427 3738 fecit
438 3673 634 3742 Wackernagel
646 3673 680 3728 de
692 3672 795 3743 pathol.
808 3689 835 3744 p.
849 3675 891 3744 19,
904 3674 953 3745 qui
964 3673 1147 3729 Philoxenum
1159 3672 1308 3730 Heraclide

198 3763 377 3833 posteriorem
396 3779 457 3818 esse
476 3762 547 3818 falso
566 3762 653 3833 putat.
1023 3817 1026 3820 ,

270 3851 291 3921 ⁴)
309 3840 513 3922 Tyrannionem
530 3854 641 3907 secutus
660 3867 722 3906 esse
741 3850 877 3921 Telephus
895 3850 1083 3922 Pergamenus
1105 3851 1223 3919 videtur,
1246 3866 1308 3907 cum

198 3941 312 3996 verbum
332 3937 397 4012 φημί
415 3939 573 3995 encliticam
595 3956 655 3995 asse
673 3942 787 4009 negaret
806 3945 888 4010 (teate
907 3939 1029 3996 Charace
1051 3956 1096 4010 ap.
1114 3940 1201 3996 Boklr.
1220 3940 1256 3997 A.
1274 3938 1314 3996 G..

200 4031 285 4099 1152).
305 4030 494 4100 descriptura
513 4037 578 4103 φημι
596 4029 676 4086 aliter
693 4028 819 4086 iudicant
832 4030 919 4086 Lahrs
938 4029 989 4097 Qu.
1008 4045 1050 4100 ep.
1068 4045 1095 4100 p.
1117 4029 1178 4098 126,
1197 4027 1305 4084 Beklrer

198 4120 278 4175 Hom.
297 4119 338 4176 Bl.
355 4120 370 4175 I
387 4120 430 4175 at.
