2722 4628
558 375 774 458 -341-

111 602 179 645 usus
199 585 332 646 vitiosam
352 601 414 646 esse
439 585 538 646 docuit
561 591 648 658 atque
667 585 784 644 Asianis
805 589 835 645 et
854 584 974 644 Graecis
999 585 1029 642 in
1049 582 1152 642 Oillcia
1172 585 1222 644 ba·

110 679 268 743 bitantibus
288 683 456 756 assignavit,
480 683 657 755 quiquidem
671 682 771 742 formis
790 683 874 759 ἔλαβα
888 682 975 760 epea
988 681 1049 742 sim
1070 685 1223 740 uterentur

111 796 164 854 pro
184 780 281 857 ἔλαβον
301 781 400 859 ἔφαγον
421 776 564 854 (11150).
607 778 701 838 sedin
721 778 765 838 bis
778 795 834 837 non
854 778 1010 850 acquievit:
1031 778 1222 838 alteratione

113 895 180 937 usus
205 878 323 938 eandem
348 875 509 950 imperfecti
528 874 561 953 ἦν
585 875 707 935 formam
726 876 764 936 ad
784 874 934 935 Aeolicam
960 875 1113 934 dialectum
1138 891 1222 934 revo-

110 975 195 1034 cavit
236 980 270 1034 ut
289 991 308 1035 a
327 977 396 1053 φιλῶ
417 972 485 1034 οἰκῶ
505 974 535 1031 in
555 973 698 1032 communi
717 973 817 1047 lingua
837 973 997 1032 declinetur
1021 971 1222 1045 imperfectum

113 1071 221 1151 ἐφίλουν
241 1069 343 1152 ᾤκουν,
369 1073 412 1132 111
432 1072 468 1132 ab
493 1070 517 1130 ὦ
537 1072 675 1144 declinari
698 1072 897 1145 imperfectum
918 1068 964 1130 οὖν
986 1069 1023 1135 εἷς
1044 1068 1078 1129 είς
1106 1074 1136 1129 11
1157 1086 1222 1128 eum

112 1168 219 1230 Aeoles
232 1187 284 1244 pro
299 1169 407 1249 ἐφίλουν
429 1169 526 1249 ἐφίλεις
547 1168 631 1248 ἐφίλει
645 1170 772 1229 dicerent
786 1168 880 1248 ἐφίλην
894 1168 988 1247 ἐφίλης
1009 1167 1097 1246 ἐφίλη,
1121 1168 1223 1226 eadem

113 1266 223 1338 ratione
244 1283 280 1325 ex
294 1265 341 1326 obv
355 1265 392 1331 εἶς
406 1265 432 1325 εἴ
448 1267 478 1325 in
492 1267 615 1325 dialecto
629 1267 748 1326 Aeolica
767 1264 876 1343 1111ἧν
889 1264 1009 1344 ἦςῆ(ν);
1035 1282 1069 1324 11
1088 1265 1223 1324 similiter

115 1365 146 1423 iu
165 1364 259 1424 medio
285 1369 318 1422 ut
335 1363 445 1423 formae
466 1362 622 1441 ἐκαλούμην
648 1362 782 1441 ἐνοούμην
808 1365 838 1422 in
858 1364 976 1422 Aeolica
1000 1364 1124 1422 dialecto
1150 1361 1222 1421 fiant

113 1460 256 1538 ἑκαλήμην
282 1459 415 1538 ἐνοήμην,
441 1461 482 1519 sic
496 1454 542 1520 ¹ab
567 1459 591 1519 ὦ
617 1461 777 1520 derivatum
802 1458 889 1537 οὔμην
915 1461 1032 1520 Aeoliae
1056 1460 1120 1520 fieri
1144 1458 1221 1538 ἤμην

111 1556 180 1636 (frg.
200 1556 262 1633 49).
303 1558 340 1617 de
358 1557 451 1617 torma
469 1540 545 1636 ἥμην
565 1559 652 1618 etiam
671 1560 793 1618 alteram
813 1559 913 1617 statuit
939 1558 1101 1632 opinionem
1126 1574 1183 1629 qua
1205 1573 1221 1616 e

110 1655 204 1714 medio
229 1655 353 1727 quodam
383 1652 449 1730 ἐμαί
470 1655 551 1714 verbi
581 1654 637 1731 εἰμί
664 1656 704 1715 111
732 1657 784 1715 illa
808 1655 939 1714 derivata
968 1655 1037 1732 (ing.
1062 1657 1123 1727 53).
1169 1655 1222 1714 sed

109 1753 169 1811 iam
198 1752 284 1810 nimis
314 1753 363 1811 diu
387 1753 418 1812 in
444 1752 488 1812 bis
514 1754 694 1826 grammatici
724 1752 870 1812 erroribus
899 1757 1026 1812 moratus
1057 1770 1120 1812 esse
1146 1753 1222 1822 mibi

108 1851 222 1920 videon
243 1850 328 1922 quale
346 1850 491 1923 ingenium
510 1851 598 1910 tuerit
616 1851 788 1910 Heraclidae
813 1851 942 1924 exempla
968 1851 1038 1910 satis
1060 1851 1219 1910 declarant.

192 1946 250 2006 Sed
280 1945 409 2019 quamvis
439 1948 544 2006 multos
573 1963 609 2006 ac
633 1947 781 2007 mirabiles
802 1964 914 2006 errores
933 1947 994 2020 ipse
1016 1948 1219 2016 committeret,
1252 2000 1254 2003 ,

108 2049 205 2105 tamen
224 2045 345 2104 aliorum
365 2060 478 2103 errores
490 2060 549 2103 non
561 2060 669 2119 paucos
682 2045 808 2104 correxit
819 2045 963 2117 falsasque
973 2045 1121 2118 opiniones
1135 2049 1217 2104 recto

108 2143 214 2202 iudicio
234 2141 381 2201 refutavit.
413 2157 467 2200 nec
486 2141 600 2200 omuino
622 2141 725 2201 desunt
745 2140 862 2214 egregia
871 2140 972 2199 doctae
986 2140 1057 2199 artis
1072 2157 1220 2213 gramma·

108 2241 185 2299 ticae
206 2240 375 2299 documenta
393 2239 424 2296 in
443 2237 619 2297 Heraclidae
638 2239 779 2310 reliquiis.
815 2237 919 2296 bonam
939 2236 1132 2296 eruditionem
1152 2253 1219 2310 pro-

109 2338 181 2397 dunt
200 2354 274 2412 quae
295 2337 331 2398 de
342 2338 451 2397 Atticis
464 2338 734 2411 plusquamperfecti
746 2336 844 2396 formis
857 2337 888 2396 in
901 2327 920 2414 ἧ
934 2336 1055 2395 tradidit
1069 2335 1139 2413 (frg.
1154 2337 1218 2413 36),

110 2437 146 2495 de
166 2437 287 2510 optativi
307 2437 384 2509 apud
397 2434 515 2495 Atticos
533 2436 687 2510 scriptores
707 2435 806 2495 formis
826 2435 981 2494 contractis
1000 2435 1219 2509 111-εῖμεν-εῖτε

111 2535 164 2592 εἷεν
184 2533 251 2610 (lug.
274 2534 339 2608 47),
367 2534 404 2593 de
424 2539 575 2607 augmento
596 2533 625 2591 εἶ
638 2535 791 2595 verborum
811 2551 884 2607 qnae
904 2534 940 2592 ab
962 2538 978 2594 ἱ
997 2534 1126 2606 aspirato
1147 2533 1219 2591 iuci-

111 2631 194 2705 piunt
225 2630 379 2707 (11154),
412 2632 448 2690 11
478 2647 579 2690 vocum
609 2631 674 2709 νηός
697 2631 768 2710 πηός
788 2631 853 2697 λαός
882 2634 960 2706 apud
979 2631 1139 2691 Homerum
1163 2646 1219 2687 usu

110 2726 178 2804 (ing.
200 2727 251 2805 58)
272 2733 303 2786 11
322 2733 376 2788 111
419 2729 526 2786 acriter
548 2729 725 2802 impugnavit
745 2746 794 2789 eos
813 2730 968 2804 scriptores
988 2730 1038 2803 qui
1058 2728 1167 2788 formas
1186 2728 1218 2784 in

110 2821 201 2882 ε’ἁῑτῖῑι
220 2822 287 2899 (pro
307 2822 399 2898 c‘am‘r)
412 2823 581 2883 adhiberent
595 2829 625 2883 et
637 2826 840 2898 grammaticos
853 2827 904 2899 qui
921 2826 1076 2887 formarum
1097 2826 1129 2883 in
1140 2817 1221 2883 {iffi

108 2938 191 2981 nsum
212 2921 386 2994 singularem
406 2919 473 2997 (pro
492 2920 609 2995 plurali)
623 2922 747 2981 Homero
768 2923 922 2984 obtrudere
941 2926 1048 2984 vellent
1069 2924 1139 2997 (frg.
1157 2924 1218 3000 38).

109 3019 181 3080 11111
210 3016 395 3077 memorabile
424 3017 479 3076 hoc
508 3018 539 3076 in
558 3034 665 3092 genere
685 3018 740 3093 frg.
762 3021 814 3089 46,
846 3020 896 3079 ubi
915 3022 1003 3080 miras
1025 3022 1164 3094 quasdam
1184 3022 1220 3081 de

112 3115 276 3190 imperativi
305 3115 393 3174 tertia
423 3114 561 3188 singulari
590 3116 736 3188 opiniones
765 3117 886 3177 refellit:
916 3119 946 3177 in
977 3119 1046 3177 ἔστω
1070 3119 1218 3177 nonnulli

113 3228 258 3288 syncopen
276 3211 320 3270 ita
339 3217 511 3280 statuerant,
531 3217 565 3270 111
585 3214 760 3272 siaon'stnm
773 3219 886 3289 tempus
900 3215 1047 3289 significet,
1070 3213 1218 3287 1111σᾶ11,

110 3311 136 3370 si
163 3310 306 3382 futurum,
337 3326 374 3368 ex
399 3307 484 3368 ἐσέτω
508 3309 615 3369 factum
636 3312 801 3385 accipiatur.
843 3314 897 3373 boc
916 3314 1057 3387 posterius
1077 3313 1140 3373 fieri
1161 3332 1216 3375 nou

109 3424 194 3482 posse
213 3407 277 3466 iure
290 3407 459 3466 Heraclides
479 3408 585 3477 docuit,
607 3409 682 3482 quod
701 3410 865 3483 imperativi
883 3409 974 3470 icturi
986 3428 1043 3470 nou
1054 3417 1214 3471 exstarent:

114 3503 267 3581 „coauctam
287 3503 338 3582 γὰρ
357 3503 376 3582 ἢ
396 3502 496 3570 tottam
517 3503 604 3570 οὐδεὶς
625 3505 724 3582 λέγει“.
754 3523 839 3566 versu
859 3508 1013 3568 Homerico
1034 3530 1053 3588 φ
1071 3511 1128 3570 195
1149 3513 1219 3569 ποῖοι

112 3601 136 3663 κ’
158 3601 204 3662 εἶτ’
221 3600 335 3680 Ὀδυσῆι
354 3602 492 3680 ἀμυνέμεν
512 3604 620 3663 indocti
639 3605 755 3677 quidam
776 3604 829 3665 εῐτέ
849 3605 969 3666 formam
989 3607 1141 3665 indicativi
1162 3614 1217 3666 sta·

110 3704 227 3759 tuerant
246 3699 400 3759 secundnm
421 3701 581 3775 analogiam
599 3701 711 3775 primae
731 3703 852 3777 pluralis
873 3702 946 3780 εἰμέν
966 3704 1002 3763 ab
1016 3704 1146 3764 Homero
1167 3706 1215 3765 ad-

110 3800 232 3859 hibitae:
257 3816 342 3872 quam
363 3800 525 3872 opinionem
544 3799 604 3860 sere
624 3802 820 3862 incredibilem
839 3802 1010 3864 Heraclides
1030 3805 1094 3863 inre
1114 3804 1213 3873 illusit,

112 3898 187 3970 quod
206 3897 352 3956 nescirent
370 3897 414 3954 illi
434 3913 532 3956 vocem
553 3919 586 3957 κε
605 3915 663 3957 non
683 3915 747 3958 cum
760 3899 917 3960 indicativo
930 3903 1075 3975 praesenti
1086 3901 1216 3974 coniungi

110 3995 161 4055 sed
180 3999 291 4055 tantum
311 4010 375 4053 cnm
395 3995 574 4054 subiunctivo
594 4001 624 4054 et
644 3997 772 4069 optativo
792 3995 859 4073 (irg.
880 3996 942 4074 47).
