2722 4628
92 1450 131 1572 ln
152 1512 236 1570 rebus
257 1511 449 1584 grammaticis
462 1511 632 1570 Eustatlius
651 1515 766 1583 praeter
778 1511 976 1569 Herodianum
990 1514 1020 1568 et
1035 1510 1191 1582 Georgium

94 1608 330 1680 Ohoeroboscnm,
363 1625 482 1680 quorum
507 1608 597 1667 libros
617 1625 687 1679 qnos
707 1609 807 1666 habuit
827 1613 857 1666 et
877 1611 1011 1679 excerpta
1030 1623 1121 1679 paene
1142 1599 1192 1664 e'x-

91 1707 200 1778 hausit‚
232 1708 340 1765 centies
365 1707 427 1764 fere
446 1707 627 1765 Heraclidem
647 1706 747 1765 laudat
766 1706 864 1764 addito
895 1707 1003 1778 passim
1024 1705 1191 1778 cognomine

90 1803 291 1862 Alexandrini.
334 1804 396 1874 quis
426 1803 476 1861 ille
505 1802 592 1861 fuerit
622 1820 733 1874 quoque
762 1810 890 1876 tempore
920 1803 1033 1869 vixerit,
1064 1802 1192 1875 plerique

92 1901 216 1958 virorum
238 1900 387 1959 doctorum
411 1916 441 1958 se
471 1901 581 1959 nescire
611 1898 808 1976 fatebantur.¹)
848 1901 896 1971 qui
931 1900 1086 1958 sententias
1123 1917 1191 1973 pro·

89 1998 222 2055 nuntiare
252 1999 312 2055 ausi
344 2007 422 2070 sunt,
454 1997 484 2054 in
515 1998 609 2055 varios
640 2014 749 2057 errores
777 1998 947 2056 inciderunt.
988 2013 1058 2067 quos
1085 2013 1104 2055 a
1129 1998 1192 2055 veri

91 2094 251 2166 cognitione
281 2094 427 2168 prohibuit
456 2095 577 2167 primum
603 2095 678 2164 quod
704 2095 739 2152 de
762 2095 918 2153 Heraclide
937 2094 1058 2152 Pontico
1083 2095 1192 2153 minore

91 2190 255 2262 cogitabant
289 2191 390 2248 deinde
417 2191 490 2261 qnod
517 2191 687 2263 scriptorem
708 2192 834 2263 opusculi
860 2189 921 2267 περὶ
952 2189 1133 2266 ἐτυμολογιῶν
1154 2191 1191 2250 ab

92 2287 198 2346 Orione
227 2288 364 2346 Thebano
395 2288 517 2346 adhibiti
547 2288 665 2347 eundem
696 2305 757 2347 esse
787 2287 1009 2346 arbitrabantur.
1061 2292 1191 2346 neutram

91 2386 252 2457 opinionem
278 2384 384 2443 habere
409 2401 464 2455 qno
486 2386 696 2444 commendetur
716 2386 867 2457 unicnique
887 2402 948 2444 rem
969 2389 1104 2444 accurate
1125 2401 1191 2443 con-

89 2466 232 2539 sideranti
252 2481 409 2554 apparebit.
451 2498 515 2539 nam
537 2481 718 2540 Heraclidem
741 2482 890 2540 Ponticum
917 2482 1054 2540 minorem
1074 2482 1192 2554 Didymi

88 2579 257 2650 discipulum
291 2579 401 2650 scripta
429 2579 616 2650 grammatica
649 2579 849 2651 composuisse,
884 2579 981 2650 qualia
1010 2579 1192 2638 Herodianus

88 2677 232 2746 ceterique
265 2675 387 2734 technici
420 2675 609 2747 scripserunt,
644 2691 781 2746 nusquam
812 2675 946 2734 traditur.
986 2679 1017 2733 et
1047 2675 1192 2748 Diogenes

88 2773 225 2831 Laertius
246 2779 276 2830 et
295 2773 397 2832 Snidas
417 2774 525 2845 scripta
545 2773 605 2832 eius
626 2774 738 2846 poetica
757 2777 867 2831 tantum
892 2778 1123 2844 commemorant,
1157 2773 1192 2830 de

88 2870 281 2942 grammaticis
319 2870 426 2945 nihil.²)
478 2868 636 2942 fragmenta
673 2875 769 2928 autem
804 2886 839 2928 ex
872 2869 1044 2928 Heraclidae
1077 2867 1190 2926 Pontici

89 2968 234 3025 cniusdam
259 2967 357 3025 libello
378 2964 439 3043 περὶ
458 2965 639 3041 ἐτυμολογιῶν
664 2966 699 3024 ab
720 2967 825 3026 Orione
851 2970 965 3024 servata
989 2966 1095 3037 siquis
1126 2957 1190 3022 cum

88 3066 261 3139 Heraclidae
281 3064 470 3122 Alexandrini
489 3064 659 3136 fragmentis
679 3065 714 3121 ab
735 3063 887 3121 Eustathio
908 3062 1022 3119 traditis
1043 3077 1189 3134 compara·

86 3163 169 3233 verit,
200 3178 256 3219 non
283 3163 401 3220 eundem
421 3178 482 3220 esse
503 3161 617 3220 Orionis
638 3165 668 3219 et
687 3160 832 3219 Eustathii
853 3164 997 3218 auctorem
1017 3157 1100 3217 facile
1122 3175 1189 3216 con-

90 3259 180 3318 cedet.
211 3260 309 3330 itaque
330 3259 426 3318 Osann
446 3259 616 3318 sententiam
635 3257 756 3330 protulit
776 3274 792 3316 e
812 3258 887 3315 veris
907 3255 1042 3327 falsisque
1061 3256 1187 3326 mixtam,

28 3347 31 3350 ⁴
91 3373 156 3414 cum
185 3361 263 3414 recte
291 3355 404 3426 quidem
423 3355 569 3414 Eustathii
594 3360 740 3413 auctorem
758 3349 940 3412 Heraclidem
959 3352 1109 3410 Ponticum
1129 3368 1190 3412 esse

159 3586 182 3651 ¹)
200 3583 234 3639 ci.
252 3582 361 3638 Fabric.
379 3581 412 3637 B.
431 3581 464 3637 O.
487 3580 579 3636 1513.
615 3579 715 3635 Roulea
745 3578 779 3634 de
806 3579 862 3634 vita
889 3580 917 3633 et
944 3579 1054 3648 scriptis
1081 3578 1189 3634 Heracl.

91 3673 171 3728 Pont.
189 3687 217 3742 p.
237 3675 296 3727 lll.
331 3671 455 3726 Deswent
472 3668 506 3724 de
525 3668 669 3723 Heraclide
686 3667 766 3722 Pont.
783 3681 810 3735 p.
830 3667 890 3721 rte.
917 3665 1091 3736 Sengebusch
1109 3667 1188 3722 Hom.

91 3761 159 3816 diss.
176 3760 189 3816 Ι
208 3761 251 3819 82.
287 3759 399 3816 Meister
416 3758 488 3815 Dial.
507 3758 582 3814 127.

159 3850 276 3917 ²)Di0g.
295 3848 343 3904 La.
361 3849 385 3902 V
403 3849 438 3902 93
457 3889 464 3904 .
483 3889 510 3904 ..
529 3839 653 3919 πυρρίχας
672 3842 712 3898 καί
729 3844 853 3918 φλυαρίας
873 3844 1077 3918 συντεταγμένος.
1113 3843 1188 3900 said.

86 3953 109 3993 a.
127 3953 154 3992 v.
172 3929 341 4008 Ἡρακλείδης
365 3933 496 3993 Ποντικός·
516 3977 523 3992 .
543 3976 551 3991 .
570 3976 577 3991 .
596 3933 687 4007 ἔτραψε
715 3933 797 4006 μέτρῳ
827 3932 946 4002 Σαπφικίμ
974 3933 1031 4004 ἦτοι
1058 3926 1187 4002 Φαλαικίῳ

87 4021 171 4097 βιβλία
197 4029 218 4096 γ’
247 4023 433 4096 incapacitatem
461 4016 502 4076 καὶ
529 4021 627 4095 πολλὴν
653 4021 699 4095 τὴν
727 4014 830 4093 ἀπορίαν
858 4020 948 4091 ἔχοντα
977 4018 1187 4092 προβαλλομένων

87 4111 255 4184 ζητημάτων,
273 4111 344 4164 ἅτινα
362 4113 457 4182 λέσχας
476 4111 591 4163 ἐκάλεσεν
605 4151 629 4167 ..
644 4153 650 4168 .
663 4109 755 4182 ἔγραψε
767 4107 795 4162 δὲ
807 4101 848 4162 καὶ
865 4111 992 4180 ποιήματα
1011 4100 1080 4160 {acad
1097 4107 1188 4163 πολλά.

996 4197 1029 4248 1*
