2722 4628
573 395 795 460 „32-

127 622 226 665 sonam
246 607 397 680 singularis
417 607 447 665 in
472 609 499 666 ῖι
522 606 657 666 formavit
677 607 727 666 sad
752 622 849 666 omnes
862 606 1018 667 Dorienses
1038 608 1145 667 formas
1165 608 1196 666 in
1215 606 1239 668 d

127 703 272 763 habebant
285 704 414 781 (Ahreus
428 704 504 764 Dial
520 704 645 781 11301).
687 704 724 764 ad
736 720 865 763 normam
883 706 1035 763 verborum
1054 706 1086 764 in
1105 708 1160 784 ὴῖι
1179 711 1239 781 qui-

126 799 181 862 bus
203 801 308 860 Acolcs
331 803 376 860 usi
402 807 468 860 sunt
497 817 550 874 pro
579 802 673 861 verbis
704 802 860 860 contractis
885 802 995 874 primae
1026 805 1236 878 coniugationis

126 896 335 975 (φθιημι-φιλῶ)
359 899 493 960 avsrbo.
509 896 541 971 ὦ,
567 899 649 970 quad<
666 903 843 972 prototypon
867 898 949 957 verbi
975 897 1031 974 εἰμί
1055 901 1239 974 θιίιιίιιιιιιίι,

126 994 277 1054 Aeolicam
296 995 416 1055 formam
436 993 488 1073 ἠμί
507 996 648 1055 derivavit
668 1012 705 1054 ex
727 1012 817 1079 eaque
837 995 960 1054 formam
982 994 1038 1072 εἰμί
1055 997 1240 1058 Boeotiorum

129 1092 253 1152 dialecto
275 1099 367 1152 ortam
385 1109 449 1153 esse
463 1094 560 1153 docuit
580 1092 648 1169 (lrg.
664 1093 725 1168 39).
767 1093 907 1152 sedidem
927 1109 1034 1165 rursus,
1057 1112 1122 1154 cum
1142 1113 1240 1157 reram

127 1191 208 1248 verbi
244 1188 300 1266 εἰμί
329 1189 447 1248 formam
489 1191 635 1250 Aeolicam
669 1191 735 1266 ἔμμι
770 1207 832 1249 esse
861 1190 938 1248 haud
972 1191 1131 1266 ignoraret,
1173 1195 1241 1254 hino

126 1289 248 1346 aliorum
278 1290 431 1346 verborum
462 1288 568 1347 formas
599 1286 706 1346 similas
735 1286 818 1346 finxit
850 1286 973 1364 πίθεμμι
1003 1286 1130 1366 φίλεμμι,
1165 1307 1240 1363 quae

127 1387 242 1448 omnino
263 1402 320 1445 non
340 1388 501 1454 exstabant,
523 1391 552 1445 et
572 1402 709 1444 canomm
735 1384 917 1457 falsissimum
937 1387 1052 1444 statuit:
1079 1387 1187 1454 Αἰολεῖς
1207 1390 1239 1448 τὸ

125 1481 329 1561 προηγούμενον
360 1485 377 1559 ἡ
402 1485 450 1543 τοῦ
477 1506 498 1559 μ
525 1483 562 1548 είς
586 1487 603 1540 ἒ
623 1481 811 1559 μετατιθέντες
835 1484 955 1542 διπλοῦσι
980 1483 1012 1542 τὸ
1032 1483 1153 1563 ιῖίίῑε.
1175 1488 1240 1564 48).

127 1583 286 1654 optativum
307 1580 364 1658 εἴην
390 1582 426 1640 ab
447 1582 568 1640 Aeolico
593 1581 746 1654 participio
768 1579 805 1644 είς
846 1581 998 1650 derivavit,
1031 1584 1107 1654 qnod
1130 1583 1239 1644 Aeoles

126 1677 210 1755 φίλεις
235 1678 300 1754 (pro
326 1678 423 1757 φιλῶν)
448 1684 479 1739 et
498 1677 601 1760 φιλείην
621 1678 688 1754 (pro
714 1676 832 1756 φιλοίην)
854 1679 994 1738 dicarent:
1025 1681 1081 1739 hae
1106 1682 1240 1755 analogia

126 1792 193 1835 usus
213 1776 361 1836 Aeolicum
374 1777 465 1835 -verbi
486 1773 545 1835 οἶδα
565 1776 750 1849 participium
775 1774 965 1845 adstrinxit,
991 1778 1066 1836 unde
1092 1780 1238 1852 optativus

127 1872 224 1950 εἰδείην
245 1879 325 1932 ortus
345 1879 420 1932 assat
439 1872 505 1949 (irg.
527 1873 590 1948 47).

205 1972 380 2044 Fragmenta
394 1987 466 2043 quaa
485 1973 516 2029 in
529 1971 707 2044 explicandis
720 1970 816 2029 verbis
836 1972 865 2028 in
885 1968 917 2046 μι
936 1976 1087 2031 versantur
1098 1972 1237 2046 ploraque

125 2069 273 2142 pertinent
293 2069 330 2126 ad
349 2069 474 2142 singulas
495 2068 577 2126 verbi
598 2065 653 2143 εἰμί
675 2067 795 2141 formas,
822 2073 855 2126 ut
874 2074 966 2127 totam
990 2068 1051 2128 iere
1077 2069 1238 2129 doctrinam

126 2167 345 2226 deformatione
360 2171 390 2223 et
410 2166 598 2224 declinatione
611 2166 692 2224 verbi
705 2166 876 2224 substantivi
897 2182 1066 2239 componere
1086 2167 1237 2239 possimus.

124 2270 299 2339 prototypon
320 2280 381 2323 esse
400 2263 514 2335 putavit
533 2262 651 2322 verbum
665 2263 883 2336 perispomenon
904 2262 935 2321 ὦ.
974 2265 1085 2337 primae
1097 2281 1238 2337 personae

124 2362 275 2435 singularis
295 2359 444 2418 indicativi
464 2359 623 2432 praesentis
649 2357 770 2418 formam
790 2360 937 2432 vulgarem
963 2359 1019 2435 εἰμί
1042 2366 1145 2419 contra
1164 2379 1238 2421 ana·

124 2461 228 2532 logiam
253 2458 406 2516 formatam
432 2472 493 2515 esse
521 2457 626 2528 docuit,
658 2473 722 2516 cum
746 2462 863 2529 praeter
884 2454 940 2531 εἰμί
962 2456 1005 2532 (at
1030 2455 1096 2532 εἶμι)
1128 2459 1238 2516 nullum

101 2568 103 2570 ·
124 2559 240 2616 verbnm
260 2557 292 2614 in
310 2560 385 2631 fia
409 2555 498 2613 verbo
526 2559 673 2614 contracto
703 2555 813 2627 primae
838 2555 1043 2628 coniugationis
1075 2555 1237 2614 derivatum

124 2654 331 2728 diphthongum
356 2655 462 2714 habeat
492 2656 523 2712 in
553 2656 737 2728 paenultima.
783 2655 923 2726 quomodo
951 2655 1121 2713 anomaliam
1145 2656 1237 2730 anpli-

124 2753 215 2811 cuerit
234 2754 290 2811 iam
301 2753 435 2812 vidimus:
457 2768 559 2824 nempe
579 2748 670 2810 forma
683 2753 808 2812 Aeolica
822 2752 946 2812 debebat
959 2769 1021 2812 asse
1033 2750 1085 2829 ἠμί
1104 2753 1234 2827 (propris

123 2848 195 2928 ἧμι),
216 2850 282 2909 hinc
302 2848 486 2908 Boeotiorum
506 2849 628 2908 dialecto
649 2848 756 2908 iactum
783 2853 827 2909 est
847 2849 910 2926 εἰμί,
937 2850 962 2908 si
988 2851 1102 2923 quidam
1121 2850 1235 2909 Boeotii

123 2946 222 3023 τίθειμι
241 2946 363 3024 τάρβειμι
384 2947 446 3005 sim.
469 2947 636 3020 dicebant).
678 2948 819 3006 secundae
833 2963 972 3020 personae
984 2946 1105 3006 formam
1124 2953 1234 3006 rectam

123 3045 194 3104 dicit
214 3042 386 3103 Heraclides
405 3044 587 3103 Homericam
607 3043 645 3108 si<
665 3051 697 3102 ut
717 3044 754 3102 ab
781 3043 838 3120 εἰμί
856 3047 912 3103 rite
938 3043 1086 3117 deflexam,
1114 3043 1235 3102 formam

125 3141 151 3201 cl
168 3143 238 3218 (qua
259 3142 295 3200 de
315 3142 388 3200 nihil
408 3143 497 3200 tradit
516 3142 698 3216 Eustathins)
727 3143 841 3200 videtur
860 3141 1057 3221 ἡμαρτημίνην
1083 3142 1234 3202 iudicasse·

123 3241 212 3300 tertia
232 3254 356 3312 persona
370 3239 523 3312 singularis
537 3238 665 3298 debebat
674 3255 736 3298 esse
751 3237 808 3310 εἰσί,
829 3240 927 3312 itaque
946 3240 1030 3298 huius
1043 3239 1154 3298 formae
1168 3242 1236 3314 pla

123 3337 213 3396 ralem
225 3351 307 3394 nsum
317 3337 461 3410 vulgarem
470 3337 605 3396 vitiosum
615 3336 861 3396 dieitHeraclides
872 3341 902 3395 et
912 3338 993 3408 quasi
999 3337 1159 3407 Boeotium,
1171 3353 1235 3396 cum

125 3434 156 3493 in
167 3451 202 3493 ea
213 3434 335 3492 dialecto
346 3432 452 3492 formae
463 3434 623 3507 singulares
633 3433 738 3507 passim
748 3450 801 3506 pro
810 3435 970 3508 pluralibus
980 3439 1161 3507 usurpentur.
1174 3440 1234 3493 tum

195 3602 219 3671 ¹)
238 3601 364 3656 similiter
374 3600 545 3656 Herodianus
555 3598 669 3670 perfecti
678 3598 796 3655 formam
808 3598 910 3654 τέθεικα
920 3600 1097 3655 Boeotiormn
1114 3598 1232 3656 dialecto

123 3706 158 3745 ax
175 3688 272 3762 τέθηκα
295 3693 387 3746 ortam
409 3691 522 3759 putasae
546 3687 665 3744 ridetur:
691 3687 726 3744 of.
749 3687 883 3745 Choarob.
906 3688 979 3745 niet
1003 3690 1065 3757 870,
1084 3690 1100 3742 6
1118 3689 1233 3758 (Herod.

121 3778 229 3848 11362,
248 3778 303 3848 15).
321 3777 424 3834 Theod.
442 3776 529 3833 Beki.
542 3777 578 3832 A.
591 3774 623 3833 G.
645 3778 721 3833 1046.
741 3777 820 3833 Euat.
840 3794 866 3847 p.
888 3777 964 3845 1442,
985 3778 1019 3831 bi
1038 3774 1053 3829 ὁ
1071 3773 1099 3829 δὲ
1118 3781 1231 3838 τοιοῦτος

122 3867 197 3940 λόγος
224 3871 269 3920 τοῦ
293 3864 458 3940 Ἡρακλείδου
484 3863 575 3937 βοηθεῖ
590 3856 632 3918 καὶ
650 3864 703 3926 τοῖς
726 3865 891 3939 παραδιδοῦσι
910 3865 1034 3920 Βοιώτιον
1058 3856 1121 3917 εἶναι
1146 3863 1176 3918 τὸ
1194 3865 1233 3918 τέ·

122 3955 195 4011 θεαα
213 3947 256 4009 καὶ
273 3953 389 4027 τέθειμαι
407 3945 450 4008 καὶ
465 3952 596 4007 τεθεῖσθαι
615 3944 656 4005 καὶ
667 3951 813 4026 τεθειμένος
831 3953 873 4008 καὶ
891 3952 923 4007 τὰ
940 3955 995 4006 κατ’
1015 3952 1089 4012 cort.
1123 3953 1177 4010 aad
1192 3953 1232 4006 τί·

123 4043 210 4118 terpus
228 4060 263 4100 ax
281 4042 387 4116 τίθεμαι
405 4043 565 4114 pleonasmo
584 4047 628 4097 τοῦ
644 4040 655 4097 ἱ
670 4045 762 4100 ortum
780 4043 849 4100 dicit
866 4047 895 4100 ct
906 4043 1052 4100 Boeotium
1070 4058 1131 4099 essa
1148 4045 1232 4114 negot

123 4133 255 4191 Choerob.
276 4134 337 4203 883,
356 4134 399 4188 24.
