2722 4628
576 394 793 456 -Π-

128 583 234 642 librum
254 583 290 641 de
310 583 477 642 differentiis
497 585 648 642 verborum
666 584 832 642 Ammonius
846 584 883 642 ad
902 600 1002 641 manus
1016 582 1116 640 hahuit
1136 588 1166 640 et
1186 599 1234 641 ex-

128 680 237 754 eerpsit
256 681 417 754 passimque
437 681 495 740 suis
515 682 597 739 suxit
615 681 822 739 additamentis.
853 682 928 752 quod
942 685 1040 738 autern
1054 680 1235 738 Valckenoer

126 779 241 850 putavit
261 779 443 836 Eustethium
469 784 499 836 et
524 778 666 837 Ammonii
690 779 795 836 librum
821 784 850 836 et
870 779 962 837 simile
989 778 1155 850 opusculum
1174 777 1234 835 He·

125 875 222 934 rennii
241 874 370 933 Philonis
395 892 496 934 nomen
515 876 681 933 ementitum
700 876 861 934 adhibuisse
882 876 958 932 omni
981 880 1062 933 caret
1081 876 1234 946 probabili-

125 976 202 1031 tate:
233 973 305 1030 nihil
326 977 369 1030 est
390 989 440 1031 cur
460 989 516 1030 non
536 973 631 1030 omnia
655 989 728 1043 quae
754 973 789 1030 de
809 971 960 1030 verborum
985 972 1153 1030 differentiis
1173 973 1234 1029 Eu-

127 1069 253 1128 stethius
273 1069 390 1128 exhibet
409 1070 611 1128 adnotamenta
636 1069 672 1128 ab
699 1087 754 1128 uno
780 1070 935 1141 eodemque
959 1070 1098 1142 scriptore
1119 1070 1146 1127 ei
1167 1086 1233 1142 sup-

125 1167 259 1239 peditata
273 1183 334 1226 esse
347 1168 502 1234 credamus,
525 1183 607 1238 quom
617 1167 794 1227 Herennium
808 1168 957 1226 Philonem
978 1167 1065 1226 fnisse
1085 1168 1234 1239 quinquies

127 1263 163 1322 oh
184 1264 247 1339 ipso
267 1264 415 1323 laudatum
435 1266 534 1338 negari
559 1266 608 1322 vix
632 1271 736 1338 potest.
778 1283 830 1324 nec
854 1266 928 1323 liber
952 1264 989 1323 ab
1010 1265 1163 1322 Eustochio
1184 1265 1233 1322 ad-

125 1361 235 1420 hibitus
260 1362 522 1435 pseudepigraphos
543 1362 608 1434 fuit,
630 1363 681 1421 sed
707 1364 845 1436 genuinus
866 1363 973 1421 veteris
993 1362 1071 1421 illius
1092 1378 1233 1435 grommo-

125 1457 178 1516 tici
197 1459 304 1532 Byblii.
333 1460 467 1518 hebemus
488 1461 655 1533 opuseulum
668 1459 729 1537 περὶ
749 1462 878 1538 διαφορᾶς
896 1459 1027 1536 σημασίας
1047 1459 1099 1517 sub
1119 1459 1234 1516 nomine

125 1555 253 1630 Ersnii¹)
273 1556 408 1626 Philonis,
430 1559 506 1630 quod
527 1574 582 1615 unc
603 1574 666 1615 cum
680 1557 833 1616 Ammonio
855 1575 890 1616 ex
911 1558 1078 1631 apographo
1092 1557 1231 1615 Vossicno

127 1653 235 1712 codicis
256 1654 379 1714 Parisini
400 1655 440 1730 (n.
466 1657 542 1714 1270
563 1656 593 1712 ni
608 1655 707 1730 fallor)
728 1656 818 1714 edidit
831 1658 1017 1715 Valckenaer.
1055 1656 1091 1713 de
1111 1654 1167 1713 hoe
1187 1653 1233 1712 vir

124 1734 370 1822 praeclarissimus
395 1754 437 1811 sie
463 1753 613 1812 iudicavit:
648 1754 754 1822 „libelli
779 1754 901 1826 scriptor
931 1753 1021 1812 infimi
1051 1753 1116 1810 aevi
1146 1751 1233 1810 fuisse

125 1847 241 1907 videtur
260 1851 470 1922 grammaticus,
496 1852 544 1922 qui
570 1851 636 1907 dum
657 1851 843 1909 vetustissimi
863 1851 1000 1908 Herennii
1019 1850 1147 1907 Philonis
1168 1866 1232 1921 per·

125 1961 224 2003 sonam
249 1947 368 2019 suscipit
393 1949 499 2020 passim
523 1954 553 2005 et
573 1949 603 2005 in
623 1949 683 2021 ipso
705 1949 803 2007 limine
822 1948 951 2007 fraudem
971 1948 1082 2020 prodit,
1110 1947 1160 2004 ubi
1179 1964 1231 2019 pro

123 2039 263 2119 Ἑρεννίου
293 2046 407 2102 nomine
442 2045 606 2101 mendosam
640 2045 777 2101 librorum
812 2043 963 2102 lectionem
993 2048 1107 2102 secutus
1136 2045 1233 2117 posuit

120 2136 279 2218 Ἐρανίου“.
321 2141 418 2211 itaque
440 2155 475 2196 ex
489 2138 691 2197 Valckenccrii
709 2142 850 2198 sententia
871 2142 926 2199 duo
941 2142 1098 2199 extiterunt
1111 2142 1230 2211 falsarii,

124 2239 174 2310 qui
194 2238 333 2296 Herennii
352 2238 480 2296 Philonis
507 2254 657 2310 personam
678 2238 772 2295 induti
791 2238 904 2296 libellos
924 2239 959 2296 de
981 2239 1148 2296 differentiis
1167 2255 1231 2296 ver·

124 2335 226 2394 borum
251 2337 489 2407 conscripserunt,
516 2353 588 2393 unus
610 2334 683 2413 (περὶ
703 2339 757 2392 τῶν
779 2335 913 2412 διαφόρως
933 2335 1153 2412 σημαινομένων)
1173 2337 1230 2393 Eu·

123 2432 225 2490 stathii
246 2437 347 2490 auctor
367 2433 441 2492 ulter
455 2435 579 2506 scriptor
599 2434 729 2506 opusculi
748 2433 808 2511 περὶ
822 2436 950 2511 διαφορᾶς
970 2432 1110 2511 σημασίας.
1138 2450 1232 2491 11111

122 2531 180 2588 hoc
199 2529 374 2588 ridiculum?
406 2547 464 2588 non
494 2532 569 2589 enim
589 2549 676 2589 unum
697 2548 758 2590 esse
778 2533 853 2588 huno
873 2537 903 2589 et
923 2533 999 2589 illum
1022 2548 1105 2603 quem
1125 2533 1231 2591 Eusta-

123 2627 203 2685 thius
228 2626 393 2685 odhibnerit
412 2628 595 2686 Valckenaer
626 2629 696 2699 dicit
721 2645 773 2687 111
798 2631 893 2688 dicere
918 2631 1020 2702 potuit,
1052 2631 1120 2701 quia
1150 2630 1233 2702 longe

122 2723 257 2796 plurimis
281 2724 351 2782 locis
371 2725 538 2783 Eustathius
563 2742 618 2782 non
643 2744 706 2783 oum
726 2727 834 2785 Erunio
854 2728 974 2786 Philone
998 2729 1049 2785 sed
1076 2743 1140 2784 oum
1165 2730 1231 2786 Am-

123 2823 220 2881 monio
243 2823 380 2893 congruit.
423 2822 473 2880 sed
493 2838 594 2881 vereor
615 2841 650 2881 ne
670 2824 770 2897 longus
795 2825 857 2892 sim,
884 2826 909 2884 si
929 2826 1012 2899 plura
1032 2825 1176 2899 proferam
1196 2827 1232 2885 ad

124 2919 327 2977 Valckenaerii
347 2921 508 2991 opinionem
528 2920 716 2992 refutandam,
744 2923 781 2980 od
801 2938 893 2979 meam
914 2925 1085 2980 sententiam
1105 2939 1232 2995 compro-

124 3018 249 3077 bandum
270 3032 327 3074 non
346 3017 426 3074 nulls
446 3018 601 3090 adiungere
616 3020 705 3076 setius
718 3035 780 3077 esse
793 3025 871 3090 puto.
908 3022 1071 3092 opusculum
1092 3019 1152 3097 περὶ
1173 3023 1232 3077 δια-

124 3119 211 3193 φορᾶς
232 3114 366 3190 σημασίας
385 3131 442 3172 111
463 3132 480 3173 c
500 3114 616 3174 falsario
638 3117 758 3188 quodam
772 3134 807 3175 ex
820 3117 973 3175 Ammonio
993 3119 1038 3175 vel
1058 3119 1123 3175 aliis
1143 3118 1232 3176 fonti-

124 3213 177 3272 bus
209 3212 393 3284 compilatum
427 3219 480 3279 est,
513 3213 563 3270 sed
593 3219 729 3285 excerpta
759 3214 922 3271 continete
948 3215 1068 3287 genuino
1093 3215 1234 3273 Herennii

124 3308 255 3368 Philonis
274 3309 357 3382 libro,
377 3326 461 3381 quem
481 3312 568 3369 etism
588 3318 649 3369 tum
670 3312 816 3384 integrum
833 3329 971 3384 usurpare
984 3313 1066 3371 licuit
1078 3314 1232 3372 Eustcthio

125 3423 265 3479 quemque
295 3411 387 3464 totum
417 3408 479 3466 fere
511 3409 649 3481 expilevit
673 3408 849 3467 Ammonius.
892 3411 1000 3467 nullam
1028 3417 1126 3468 notum
1156 3411 1232 3483 apud

125 3504 263 3562 Ersnium
283 3504 432 3563 Philonem
453 3505 587 3578 invenies,
609 3523 694 3578 quam
707 3511 789 3565 vetus
802 3509 1004 3579 grammaticus
1017 3525 1073 3565 non
1087 3511 1233 3581 scripsisse

125 3602 269 3674 putandus
289 3604 335 3660 sit.
376 3619 433 3660 nou
457 3619 600 3674 nunquam
625 3604 714 3677 magis
735 3620 797 3661 cum
817 3605 969 3663 Eustathio
991 3606 1121 3678 congruit
1146 3623 1231 3678 quam

126 3713 190 3756 curn
214 3699 378 3758 Ammonio:
410 3699 445 3760 ef.
477 3701 566 3761 Eran.
592 3700 666 3758 Phil.
692 3718 714 3759 s.
740 3718 767 3761 v.
793 3699 865 3765 αἶνος
897 3708 927 3759 et
946 3703 1026 3759 Eust.
1052 3720 1082 3775 p.
1107 3705 1174 3771 855,
1197 3705 1230 3772 23

126 3865 272 3935 linopolim
300 3865 454 3935 profugisse
481 3866 568 3922 tradit
585 3866 712 3922 Socrates
731 3867 795 3921 hist.
818 3867 884 3922 eccl.
905 3867 925 3921 V
946 3869 987 3922 16.
1011 3868 1107 3923 iinon
1131 3870 1232 3924 habent

127 3955 263 4026 quomodo
281 3955 350 4010 illud
370 3948 537 4026 Ἡρακλείδης
556 3955 569 4009 ὁ
588 3957 710 4030 ἡμέτερος
736 3956 878 4026 explicent.

199 4045 221 4109 ¹)
240 4058 341 4098 nomen
359 4036 477 4115 ’Κρανίου
496 4044 566 4099 nihil
585 4060 646 4109 csse
657 4044 712 4099 nisi
725 4044 830 4099 librarii
843 4061 962 4100 errorem
974 4062 1025 4115 pro
1044 4037 1170 4116 Ἑρεννίου
1183 4044 1231 4098 vix

128 4135 171 4186 est
188 4130 262 4202 quod
279 4146 412 4186 moneam.
