2722 4628
568 378 789 442 ..23-

123 587 183 645 tiva
204 588 298 646 omnia
318 588 497 661 {privativo
518 589 682 661 composita.
716 590 896 648 Herodianus
916 591 1069 663 paradosin
1090 589 1232 648 defendit.

124 685 242 744 tertium
264 687 423 757 exemplum
442 685 561 757 praebet
581 686 663 744 Enst.
685 703 713 758 p.
737 687 807 758 764,
830 688 868 744 29
891 686 957 761 (fr.
983 688 1031 762 18)
1049 684 1230 764 Ἡρακλείδης

126 782 154 841 δὲ
181 782 284 858 ἀγνοεῖν
310 804 375 860 φησι
394 782 511 846 πολλοὺς
531 782 572 840 ὅτι
591 782 630 840 τὸ
644 781 765 859 λίσσομαι
785 782 1040 860 κοινολεκτούμενον
1051 782 1157 842 Ἀτθίδι
1172 785 1232 841 δια-

126 879 212 957 λέκτιρ
243 879 334 956 γέγονε
365 878 497 955 λίττομαι,
534 879 643 957 παρέσει
674 880 703 937 δέ
733 882 780 938 τοῦ
807 881 900 958 ἑτέρου
920 882 937 939 ἱ
956 880 1094 958 γεγένηται
1115 879 1229 956 λίτομαι.

125 982 254 1050 spectant
272 978 345 1035 haee
365 979 393 1034 ni
414 976 498 1034 fallor
517 977 554 1035 ad
574 978 692 1035 Homeri
713 995 824 1035 versum
846 977 869 1036 [Ι
890 979 929 1037 47

796 1074 818 1152 ῆ
838 1075 888 1153 γὰρ
910 1077 1023 1151 ἔμελλεν

305 1171 333 1230 οἷ
352 1170 425 1250 αὐτῷ
445 1171 562 1230 θάνατόν
583 1195 613 1230 τε
634 1173 718 1231 κακὸν
739 1173 784 1231 καὶ
805 1177 876 1250 κῆρα
897 1172 1023 1241 λιτέσθαι,

127 1273 175 1330 ubi
196 1276 306 1331 veteres
327 1271 362 1329 de
383 1277 501 1328 acoentu
522 1269 655 1329 infinitivi
676 1269 793 1329 λιτέσθαι
814 1270 1019 1344 disceptabant.
1050 1270 1232 1328 Ptolemaeus

128 1369 294 1428 Ascalonita
315 1369 419 1439 aliique
440 1366 608 1425 infinitivum
628 1369 787 1439 praesentis
807 1384 868 1427 esse
882 1368 979 1440 itaque
993 1365 1234 1445 προπαροξυτόνως

129 1466 308 1525 scribendum
328 1467 483 1538 putabant,
516 1466 567 1522 alii
588 1466 724 1539 aorimum
745 1483 805 1524 esse
825 1467 883 1524 rati
903 1464 1098 1543 παροξυτόνως.
1140 1464 1235 1523 Hera·

129 1563 223 1636 elides,
246 1564 270 1622 si
290 1569 369 1621 reete
389 1562 477 1621 verba
497 1563 558 1620 eius
579 1562 615 1619 ad
635 1562 710 1619 huno
730 1563 849 1626 Homeri
868 1563 962 1620 loonm
982 1563 1089 1634 rettuli,
1113 1561 1232 1620 λίτεσθαι

130 1661 215 1720 scribi
244 1661 348 1730 voluit,
384 1676 447 1717 oum
472 1657 642 1716 infinitivum
665 1657 825 1731 praesentis
850 1659 930 1717 verbi
952 1658 1057 1735 λίτομαι
1078 1677 1139 1719 esse
1160 1660 1234 1717 iudi·

131 1757 244 1834 carew)
286 1757 465 1816 Herodianus
497 1758 552 1815 etsi
582 1774 645 1815 oum
670 1757 784 1830 linguae
809 1759 920 1817 ratione
941 1763 1006 1832 ¹tum
1029 1759 1235 1816 sententiarum

131 1873 239 1915 conexu
259 1871 394 1928 praesens
415 1853 532 1912 λίτεσθαι
552 1855 694 1927 postulari
714 1855 862 1926 oonoessit,
884 1860 980 1913 tamen
1001 1856 1088 1913 etiam
1107 1857 1162 1913 hoe
1174 1855 1238 1912 loeo

131 1955 281 2026 paradosin
304 1952 393 2024 sequi
409 1953 509 2010 maluit
534 1969 619 2024 quam
646 1953 688 2010 sio
708 1951 835 2010 defendit
855 1952 889 2012 Il.
909 1953 992 2012 Pros.
1009 1951 1097 2010 1147:
1121 1950 1239 2010 λιτέσθαι

133 2049 368 2127 δἈσιιαλωνίτης
390 2049 459 2115 ἀξιοῖ
477 2048 578 2125 ὁμοίως
598 2051 638 2126 τῷ
659 2047 801 2121 λίσσεσθαι,
825 2048 883 2107 ἐπεὶ
904 2048 1050 2113 ἐνεστῶτος
1070 2048 1170 2127 χρόνου
1187 2049 1240 2107 ἀπὸ

134 2150 264 2228 δριστικοῦ
295 2151 343 2206 τοῦ
375 2147 489 2223 λίτομαι.
535 2147 584 2206 εἰσὶ
615 2147 644 2204 δέ
666 2145 693 2204 οἳ
709 2146 899 2224 παροξύνουσιν
921 2146 1022 2222 ὁμοίως
1042 2149 1083 2224 τῷ
1104 2146 1241 2224 λαβέσθαι.
1311 2215 1315 2222 Ι

134 2246 186 2323 ἐγὼ
215 2245 236 2305 δ’
261 2246 360 2305 ἐπαινῶ
381 2247 426 2304 τὸν
443 2245 647 2322 Ἀσκαλωνίτην
669 2244 904 2323 προπαροξάνοντα
919 2245 961 2303 ἐπὶ
976 2245 1130 2309 ἐνεστῶτος.
1161 2247 1241 2302 τοῦτο

134 2345 184 2423 γάρ
217 2345 273 2402 ἐστι
303 2344 349 2404 καὶ
379 2345 410 2402 τὸ
442 2343 622 2421 δηλούμενον,
655 2345 753 2418 ἐμελλε
783 2342 834 2420 γὰρ
865 2340 939 2420 αὐτῷ
959 2340 1076 2401 θάνατον
1098 2341 1242 2402 λίσσεσθαι.

136 2444 211 2502 δοκεῖ
235 2441 265 2500 δέ
286 2465 332 2517 μοι
352 2443 369 2519 ῆ
390 2441 489 2500 πλείων
511 2441 656 2519 παράδοσις
676 2439 831 2518 παροξύνειν
853 2439 903 2499 οὐκ
917 2440 1063 2504 ἀπιθάνως.
1096 2439 1177 2517 δνπερ
1192 2438 1242 2516 γὰρ

134 2539 232 2616 τρόπον
264 2539 292 2597 ἐν
323 2539 423 2616 ἑτέροις
454 2537 643 2616 διαλαμβάνων
674 2538 735 2616 περὶ
765 2540 812 2596 τοῦ
841 2542 1023 2615 ,μεταλλῆσαι
1048 2536 1094 2597 καλ
1114 2535 1239 2614 ἐρεσθαι“

137 2637 164 2713 (γ
184 2637 248 2713 69),
277 2635 419 2702 ἀξιούντων
441 2636 548 2694 πάντων
569 2637 599 2694 τὸ
621 2635 729 2713 ἐρέσθαι
750 2635 850 2712 δμοίως
870 2638 911 2713 τῷ
931 2635 1077 2709 πυθέσθαι,
1100 2633 1243 2711 ἐπειδήπερ

139 2733 219 2808 μέσος
241 2732 366 2811 δεύτερος
386 2733 506 2811 ἀάριστάς
528 2733 609 2806 ἐστιν,
637 2732 817 2811 ἀπεφηνάμην
839 2735 876 2798 ὥς
896 2733 1073 2811 ῆπαράδοσις
1086 2730 1177 2815 τρίτην
1191 2730 1244 2788 ἀπὸ

137 2831 229 2895 τέλους
255 2830 364 2908 ἐποίησε
384 2831 432 2908 τῆν
454 2830 540 2897 ὀξεῖαν
562 2830 593 2890 οά
613 2832 653 2908 τῷ
674 2830 864 2907 σημαινομένῳ
885 2830 1023 2889 πεισθεῖσα
1043 2829 1113 2888 ἀλλά
1133 2830 1174 2906 τῷ
1194 2849 1244 2906 χα-

138 2931 250 3006 ρακτῆρι
273 2932 323 3004 τῆς
342 2932 443 3006 φωνῆς,
466 2927 524 2986 ἐπεὶ
544 2927 578 2985 τὰ
598 2930 707 2986 τοιαῦτα
728 2931 783 2985 τῶν
804 2928 1006 3006 ἀπαρεμφάτων
1020 2925 1246 3006 προπαρωξίνετο

139 3024 202 3084 ὄντα
228 3024 375 3088 ἐνεστῶτος
401 3025 456 3084 οἷον
477 3025 606 3104 φέρεσθαι
627 3024 765 3104 δέρεσθαι,
799 3025 816 3083 ἃ
837 3024 894 3104 εἶχε
914 3025 963 3102 τῆν
984 3026 1015 3103 ρε
1036 3024 1170 3101 συλλαβὴν
1191 3023 1243 3101 πρὸ

138 3123 244 3192 τέλους,
276 3127 326 3200 τῆς
356 3121 493 3201 ἀρχούσης
523 3126 656 3200 συλλαβῆς
678 3123 714 3186 εἰς
734 3123 765 3180 τὸ
786 3121 956 3200 ἶληροίσης
979 3157 1011 3167 -
1038 3120 1125 3186 οὕτως
1145 3120 1190 3181 καλ
1211 3121 1243 3178 τὸ

138 3220 246 3299 ἔρεσθαι
267 3221 465 3298 ἀναδεξάμενον
486 3223 531 3280 τὸν
552 3221 631 3280 αὐτὸν
644 3225 805 3300 χαρακτῆρα
819 3219 1054 3299 προπαρωξόνετο,
1076 3219 1107 3279 οά
1121 3218 1245 3297 τῷλόγῳ

139 3320 185 3376 τοῦ
207 3318 339 3396 ἀορίστου,
360 3321 396 3398 τῆ
417 3319 447 3378 δέ
468 3319 604 3396 ὁμοιότητι
624 3323 673 3396 τῆς
693 3323 785 3396 φωνῆς
798 3351 846 3386 -,
867 3313 913 3375 τδν
934 3317 1013 3377 αὐτὸν
1032 3317 1190 3396 τρόπονκαὶ
1205 3316 1248 3374 ἐπὶ

139 3418 185 3474 τοῦ
206 3417 394 3493 προκειμένου.
427 3415 527 3495 ὀφείλει
546 3417 596 3495 γάρ
617 3417 648 3475 τὸ
669 3416 787 3475 λιτεσθαι
806 3413 1073 3494 προπαροξύνεσθαι·
1093 3417 1173 3473 τοῦτο
1194 3414 1245 3492 γὰρ

141 3512 208 3571 αίτεῐ
226 3513 271 3572 καὶ
295 3515 325 3572 τὸ
346 3515 442 3590 νοητὸν
463 3514 508 3573 καὶ
529 3514 543 3571 δ
565 3514 759 3593 σχηματισμός,
780 3513 854 3592 παρὰ
873 3513 904 3572 τὸ
926 3512 1039 3589 λίτομαι.
1073 3511 1130 3571 ἀλλ’
1142 3511 1199 3570 ἐπεὶ
1213 3510 1247 3569 τά

142 3612 177 3676 εἰς
207 3610 269 3671 σθαι
300 3595 479 3690 ἀπαρέμφατα
519 3617 559 3688 τῷ
576 3611 824 3689 ἴπαραληγάμενα
851 3609 901 3670 οὔκ
922 3609 986 3669 ὄντα
1007 3610 1060 3668 ἀπὸ
1080 3612 1136 3668 τῶν
1158 3609 1195 3673 εἰς
1217 3607 1247 3684 ρῖι

142 3712 239 3790 ἔχοντα
261 3710 289 3767 ἐν
310 3712 346 3788 τῆ
366 3709 441 3788 τρίτη
464 3709 516 3767 ἀπὸ
536 3709 630 3773 τέλους
652 3710 773 3787 συλλαβῇ
793 3709 824 3766 τὸ
844 3703 870 3766 ἰ’
885 3707 1106 3784 συνεσταλμένον,
1130 3711 1168 3783 μὴ
1189 3706 1248 3764 ἐπι-

230 3931 251 3999 ¹)
270 3932 366 4003 itaque
383 3931 487 3986 rectius
506 3929 625 3986 fortasse
643 3928 728 3983 verba
747 3915 831 3998 s'upra
849 3928 934 3984 allata
952 3927 988 3983 ad
1005 3928 1105 3983 librum
1122 3918 1180 3997 περὶ
1199 3944 1245 3978 κα-

144 4017 247 4092 θολικης
266 4017 411 4091 προσῳδίας
430 4020 510 4074 erant
527 4016 682 4074 referenda:
702 4016 751 4072 sed
769 4017 844 4073 nolui
863 4017 1008 4089 seiungere
1026 4034 1043 4073 a
1060 4016 1175 4086 reliquis
1188 4030 1246 4070 neo

144 4107 325 4179 fragmentum
344 4108 481 4166 dirimere.
