2722 4628
636 400 854 463 ..pam

192 611 400 686 permutatione
414 610 525 688 (τροπῇ,
540 609 690 686 μεταθέσει,
706 612 855 688 μεταβολῇ,
870 609 986 681 ἐκτάσει,
1001 613 1131 688 συστολῇ)
1146 616 1197 670 ant
1211 617 1300 670 trans·

192 709 351 767 mutatione
372 708 534 766 litterarum
555 707 717 786 (ὑπερθέσει,
739 707 953 786 ὑπερβιβασμῷ).
988 714 1073 780 σαμε
1094 709 1124 766 iu
1142 709 1198 768 hac
1218 709 1300 767 affec

192 808 303 865 tionum
323 805 454 864 doctrine
479 807 579 864 summi
599 806 735 865 momenti
754 805 810 864 fuit
831 806 1017 866 dialectorum
1038 806 1216 865 Graecarum
1236 824 1299 880 per-

193 904 360 978 vestigatio:
388 920 454 962 nam
473 903 628 962 formarum
654 921 708 977 ope
735 921 805 976 quas
829 905 858 963 iu
879 905 1008 963 dialectis
1036 909 1149 964 exstare
1169 905 1301 964 videbant

194 1001 270 1079 sitq
292 1002 450 1076 vulgarium
469 1003 673 1061 uocabulorum
693 1006 722 1060 et
742 1002 927 1074 primigenios
941 1018 1038 1059 eorum
1058 1000 1164 1061 formas
1186 1002 1301 1061 demon-

194 1101 333 1159 strabant.
376 1101 473 1171 itaque
494 1115 583 1158 canon
605 1105 636 1158 et
656 1100 789 1172 analogia
808 1099 854 1158 vel
875 1104 1058 1172 opponuntur
1070 1100 1152 1170 quasi
1174 1099 1303 1158 dialectis

195 1202 225 1257 et
257 1198 456 1257 consuetudini
487 1196 536 1273 (ci.
563 1198 650 1256 schol.
672 1198 756 1256 Dion.
779 1198 883 1257 Thrac.
904 1215 932 1270 p.
955 1199 1012 1257 678
1033 1197 1149 1273 Rern).
1192 1214 1228 1257 ex
1258 1214 1303 1256 su-

101 1315 104 1320 ·
194 1295 354 1369 perioribns
379 1296 574 1368 grammaticis
599 1296 629 1353 iu
655 1296 785 1355 dialectis
810 1295 931 1354 Graecis
955 1296 1168 1368 perscrutandis
1190 1312 1304 1369 operam

197 1393 353 1453 collocasse
374 1410 526 1464 earumque
547 1395 737 1466 proprietates
757 1393 794 1452 ed
814 1395 971 1452 anomalias
983 1394 1099 1467 hugues
1112 1394 1243 1466 vulgaris
1258 1410 1305 1452 ex-

196 1491 343 1564 plicandas
364 1493 528 1552 adhibuisse
548 1492 671 1550 maxime
691 1492 807 1550 uidetur
827 1493 952 1567 Trypho,
977 1508 1061 1563 quem
1085 1493 1115 1550 in
1139 1491 1184 1550 his
1206 1491 1305 1550 studiis

196 1589 414 1662 diligentissime
435 1595 580 1649 versatum
602 1605 663 1647 esse
684 1593 827 1648 testantur
847 1590 984 1648 librorum
1006 1589 1114 1647 indices
1135 1604 1206 1659 quos
1221 1589 1306 1661 scrip

196 1688 234 1746 sit
255 1704 272 1745 a
293 1686 383 1747 Suida
403 1687 514 1745 traditi:
542 1685 603 1764 περὶ
623 1687 795 1760 πλεονασμοῦ
815 1687 863 1743 τοῦ
885 1684 913 1742 ἐν
933 1687 969 1763 τῇ
990 1684 1093 1744 Αἰολίδι
1113 1685 1248 1763 διαλέκτῳ
1269 1689 1306 1763 βι-

197 1785 256 1863 βλία
278 1782 307 1856 ζ’,
333 1785 394 1862 περὶ
414 1788 468 1843 τῶν
492 1783 553 1861 παρ’
572 1783 687 1861 Ὁμήρῳ
714 1782 862 1843 διαλέκτων
887 1782 932 1843 καὶ
956 1782 1092 1861 Σιμωνίδῃ
1118 1783 1164 1842 καὶ
1185 1782 1306 1861 Πινδάρῳ

197 1882 242 1943 καὶ
259 1881 394 1958 Ἀλκμᾶνι
415 1881 460 1941 καὶ
485 1886 539 1946 τοῖς
564 1880 654 1945 ἄλλοις
680 1885 804 1959 λυρικοίς,
836 1880 897 1959 περὶ
926 1885 975 1958 τῆς
992 1879 1135 1959 Ἑλλήνων
1167 1881 1305 1941 διαλέκτου

197 1980 243 2041 καλ
265 1979 397 2058 Ἀργείων
422 1980 468 2040 καὶ
490 1978 632 2057 Ἱμεραίων
659 1979 703 2039 καὶ
721 1977 854 2056 Ῥηγίνων
880 1978 924 2039 καὶ
945 1976 1073 2057 Δωριέων
1098 1978 1144 2038 καὶ
1165 1977 1306 2057 Συρακου-

198 2079 270 2138 σίων.
313 2079 415 2137 deinde
436 2079 624 2136 Philoxenum
645 2078 775 2136 dialectis
790 2078 907 2136 Graecis
928 2094 1045 2150 operam
1066 2077 1179 2136 dedisse
1200 2078 1305 2150 scripta

198 2179 259 2237 eius
280 2178 384 2236 docent
404 2176 465 2254 περὶ
489 2180 538 2253 τῆς
558 2179 614 2233 τῶν
635 2174 826 2253 Συρακουσίων
848 2174 997 2247 διαλέκτου,
1023 2173 1084 2251 περὶ
1104 2178 1153 2251 τῆς
1172 2177 1228 2232 τῶν
1249 2173 1307 2232 Λα·

198 2274 295 2335 κώνων
317 2273 466 2346 διαλέκτου,
488 2274 548 2353 περὶ
568 2278 616 2352 τῆς
633 2272 722 2338 Ἴοίδος
743 2272 891 2333 διαλέκτου.
934 2273 978 2332 his
999 2273 1090 2340 libris,
1112 2289 1177 2330 cum
1196 2279 1307 2346 praeter

198 2372 298 2430 titulos
330 2389 429 2430 eorum
458 2372 530 2429 nihil
559 2371 620 2430 iere
646 2373 780 2445 supersit,
812 2371 881 2442 quid
901 2370 1070 2429 Heraclides
1101 2370 1235 2428 debuerit
1255 2369 1306 2429 etsi

198 2469 362 2542 perspicere
382 2484 438 2526 nou
468 2469 526 2526 iam
557 2486 713 2542 possumus,
745 2475 842 2527 muron
867 2484 916 2526 eos
940 2468 976 2524 ab
997 2467 1152 2526 Heraclide
1177 2468 1207 2525 in
1228 2483 1305 2528 usum

199 2573 315 2626 vocatos
347 2583 409 2626 esse
439 2566 526 2626 facile
556 2568 619 2638 quis
640 2567 771 2626 coniciet.
813 2566 929 2623 videtur
960 2566 1036 2622 enim
1057 2566 1227 2624 Heraclides
1256 2580 1307 2622 uon

199 2666 261 2738 ipse
292 2681 389 2723 omnes
414 2665 551 2723 dialectos
576 2664 702 2722 Graecas
725 2667 921 2737 perscrutatus
947 2680 1015 2735 esse,
1049 2663 1098 2721 sed
1128 2680 1202 2734 quae
1234 2662 1306 2736 apud

201 2763 383 2834 Tryphonem
397 2761 583 2819 Philoxenum
605 2761 676 2818 alios
697 2761 732 2818 de
753 2760 939 2819 dialectorum
954 2760 1177 2834 proprietatibus
1198 2761 1306 2831 quibus·

202 2859 267 2918 dam
287 2859 425 2916 adnotata
445 2858 595 2916 invenerat
614 2858 777 2917 adhibuisse
798 2859 835 2917 ad
856 2858 963 2916 formas
983 2857 1134 2916 verborum
1155 2859 1308 2931 explanan-

204 2956 263 3015 das.
305 2960 392 3027 atque
411 2956 465 3014 hoc
485 2957 514 3012 in
535 2956 634 3028 primis
655 2954 762 3014 iactum
788 2961 832 3014 est
855 2957 886 3012 in
911 2956 1008 3015 multis
1029 2956 1146 3014 Homeri
1166 2955 1308 3014 vocabulis

202 3054 373 3120 derivandis,
395 3053 421 3112 si
441 3053 553 3124 quidem
574 3060 678 3127 poetae
699 3070 791 3112 sermo
813 3054 937 3125 antiquis
957 3055 1150 3127 grammaticis
1172 3071 1207 3112 ex
1222 3054 1308 3112 omui-

170 3178 172 3183 *
204 3152 257 3210 bus
271 3152 384 3224 linguae
399 3152 526 3210 Graecae
540 3152 673 3210 dialectis
686 3152 792 3210 mixtus
805 3151 965 3224 videbatur,
988 3158 1047 3209 tum
1062 3153 1149 3209 etiam
1169 3153 1200 3209 in
1221 3153 1310 3225 singu-

202 3249 238 3307 lis
261 3249 375 3321 linguae
395 3250 523 3323 vulgaris
542 3249 642 3308 formis
663 3249 809 3307 anomaHs.
845 3266 918 3320 quae
931 3251 1005 3308 ratio
1021 3248 1125 3307 iormas
1138 3248 1310 3309 difficiliores

203 3353 232 3404 et
253 3348 365 3421 liuguae
385 3348 512 3419 uulgaris
540 3354 569 3404 et
589 3346 728 3406 sermonis
748 3346 896 3405 Homerici
917 3363 951 3405 ex
973 3347 1061 3405 variis
1082 3347 1213 3406 dialectis
1233 3364 1310 3421 repe·

203 3446 282 3503 teudi
298 3450 327 3503 et
340 3444 503 3517 explicandi
517 3445 587 3502 satis
601 3444 763 3502 diu-valuit.
785 3461 820 3502 ne
831 3445 997 3517 Apollonius
1011 3445 1124 3515 quidem
1145 3446 1181 3502 ab
1204 3462 1239 3504 ea
1258 3444 1310 3503 dis·

206 3542 300 3601 cessit.
338 3547 368 3599 et
387 3543 568 3601 Herodianus
588 3543 718 3613 quamvis
731 3543 835 3601 multos
849 3543 1100 3615 grammaticorum
1118 3542 1153 3601 de
1167 3542 1309 3601 vocabulis

203 3639 361 3698 Homericis
381 3655 495 3698 errores
521 3641 684 3714 corrigeret,
716 3645 811 3698 tamen
835 3641 896 3712 ipse
920 3639 949 3695 in
975 3639 1017 3695 eis
1042 3641 1211 3711 praesertim
1232 3641 1310 3698 libris

204 3756 272 3811 quos
301 3738 362 3816 aspi
391 3737 488 3796 παθῶν
509 3744 538 3795 et
559 3737 619 3816 περὶ
645 3737 780 3816 μονήρους
806 3735 904 3802 λέξεως
935 3736 1050 3808 scripsit
1080 3753 1095 3793 e
1126 3737 1311 3796 dinectorum

203 3854 256 3896 usu
277 3838 382 3896 multas
401 3836 508 3896 formas
529 3837 667 3908 explicuit
687 3853 721 3894 ac
742 3835 890 3894 derivarit.

283 3935 345 3993 Iam
366 3935 500 3994 universa
519 3935 594 3993 ratio
615 3951 699 4006 quam
720 3934 747 3990 iu
771 3938 834 3991 arte
855 3949 907 3989 sua
927 3931 1116 4004 grammatica
1136 3939 1251 3991 secutus
1277 3933 1311 3992 sit

204 4033 371 4092 Heraohdes
402 4049 512 4105 quaque
537 4032 613 4109 πάδη
642 4033 693 4091 illa
717 4036 747 4090 et
767 4032 956 4090 dialectorum
975 4031 1130 4089 varietates
1150 4030 1310 4090 adhibuerit

204 4136 237 4188 ut
257 4132 357 4190 melius
378 4135 575 4203 cognoscatur,
608 4131 738 4204 exempla
768 4130 907 4203 quaedam
942 4145 977 4187 ex
1008 4127 1173 4203 fragmentis
1200 4129 1311 4205 prolata
